2566 4432
599 243 671 319 121

142 412 176 482 in
198 411 387 507 posteriore,
401 411 469 482 nisi
492 434 632 507 unquam
654 410 768 509 Steph,
793 413 871 510 (qui
893 439 969 483 mor
991 415 1139 508 quodque

141 518 238 612 boni)
260 516 360 597 Both,
382 519 416 585 si
434 543 575 612 unquam
594 517 685 590 Delr.
706 519 740 588 si
757 544 920 611 utinquam
941 517 1060 602 Scriv„
1083 517 1137 613 qui

142 622 177 691 in
204 647 316 715 marg.·
334 624 488 717 proponit
516 624 674 707 Paruum,
703 622 737 691 si
755 649 906 718 unquam.
927 665 972 679 -
993 622 1137 703 Vossius

142 726 275 795 suadet:
303 770 347 781 -
384 729 430 798 Ut
449 728 550 797 siim
572 741 680 799 vestra
700 741 776 796 suut
798 728 998 819 promerita,
1028 727 1138 822 aequi·

137 855 261 922 perure
287 843 323 899 ut
351 856 483 925 quemn,
520 834 679 917 Peream,
712 833 780 902 ut'st'
807 859 970 928 nunquam
985 833 1141 930 sattscor

127 936 269 1029 secere,
291 940 381 1030 quod
399 937 494 1031 quibo
516 929 602 1008 boni.
630 1008 632 1012 Α

227 1041 369 1111 Bothius
397 1041 603 1111 scribendum
632 1057 738 1137 putat:
768 1085 811 1097 -
843 1045 892 1112 At
921 1042 950 1111 si
977 1041 1021 1110 ita
1049 1065 1075 1110 s.
1104 1066 1136 1135 p.

144 1156 269 1230 rostra,
304 1147 513 1241 aequiperare
542 1160 582 1218 ut.
604 1175 722 1243 queam
749 1147 893 1217 Vereor:
922 1138 992 1215 ¹nisi
1025 1146 1079 1238 (h.
1110 1173 1138 1217 e.

142 1249 220 1343 sed)
250 1276 419 1346 nunquam
450 1264 538 1321 etc.“
588 1251 656 1321 Sed
685 1279 760 1321 cum
790 1277 873 1346 quae
901 1251 1139 1347 praecesserint

140 1355 339 1447 ignoremus,
360 1355 439 1425 iilud
455 1369 491 1425 at
512 1356 644 1426 minime
668 1374 789 1426 certum
812 1374 872 1426 est.
905 1356 1021 1426 Possis
1041 1355 1137 1424 etiam

145 1462 271 1529 Vereor
299 1461 454 1546 seribere,
489 1488 553 1557 quo
582 1463 672 1557 prius
703 1474 738 1531 ut
763 1463 930 1533 referatur.
981 1459 1137 1530 Fortasse

140 1578 250 1633 tamen
268 1577 314 1639 ,ut
341 1567 565 1636 tantummodo
594 1583 729 1660 propter
758 1592 812 1649 ea,
842 1592 924 1661 quae
946 1564 1138 1658 interposita

140 1685 233 1746 sunt,
261 1671 433 1763 repetitum
456 1686 516 1740 est.
539 1671 644 1742 ,Νιέί
658 1696 833 1764 nurrrquam
861 1670 994 1740 omnino
1022 1694 1137 1740 neces-

139 1773 259 1841 sarium
282 1773 388 1844 fuerit.
501 1778 504 1787 '

227 1877 341 1947 Verba
370 1878 518 1949 Thoanti
545 1879 792 1975 adscripsimus3
827 1879 1032 1975 Iphigeniam
1065 1902 1137 1974 gra·

139 1997 209 2052 tum
238 1983 383 2053 animum
417 1984 507 2053 fratri
540 1986 673 2080 eiusque
709 1986 813 2055 amieo
847 1985 1049 2079 promittere,
1085 1983 1138 2054 vel

141 2085 504 2185 Orestemlphigeuiae
528 2115 566 2161 ac
588 2088 720 2184 Pyladi,
745 2082 851 2158 minus
875 2090 1005 2160 arridet.

360 2298 453 2371 XLI.
496 2296 640 2393 (Both.
665 2294 804 2370 Dulor.
828 2295 912 2393 37.)
950 2365 953 2371 .

227 2459 355 2530 Noru'us
377 2486 410 2555 p.
433 2469 485 2534 23.
506 2461 628 2530 Mers:
662 2462 807 2544 „Mones
830 2459 917 2554 apud
939 2474 1064 2529 veteres
1089 2458 1135 2527 di-

140 2564 297 2633 cebantur
317 2590 440 2635 nonam
462 2565 597 2660 largatia
619 2570 637 2606 *
659 2567 771 2659 ignota
794 2582 878 2648 erat,
906 2565 966 2634 sed
996 2590 1134 2633 cousen-

138 2668 253 2738 tientes
287 2670 330 2737 ad
365 2694 403 2738 ea
432 2695 516 2766 quae
553 2671 646 2740 amici
676 2670 783 2740 velint.
838 2665 1000 2738 Pacuuius
1030 2666 1134 2737 Dulo-

137 2771 239 2841 reste:
274 2773 418 2842 animum
445 2780 462 2816 *
496 2801 578 2871 quae
612 2792 680 2844 tum
713 2774 849 2868 largatio
883 2773 992 2841 multis
1021 2773 1135 2866 ignota
1251 2858 1257 2876 ‚

138 2893 223 2960 erat3
246 2879 417 2947 munificus
440 2907 538 2950 nemo
561 2881 751 2977 putabatur,
780 2879 844 2947 nisi
867 2879 988 2974 pariter
1008 2876 1134 2947 volens.

135 2980 363 3051 Lucilius'lih.
385 2985 516 3054 XXVI:
552 2985 701 3055 Munifiei
729 3009 906 3079 comesque
934 2982 1046 3061 amicis
1073 3007 1132 3050 uo·

136 3087 210 3157 stris
233 3086 401 3157 videamur
421 3091 518 3160 viri.“

223 3252 343 3296 nonam
368 3227 511 3322 largatia
532 3233 567 3313 *J
596 3255 662 3299 non
690 3255 713 3298 a
741 3228 915 3322 largitione
942 3250 1026 3320 quae
1046 3226 1132 3296 leus.

135 3331 212 3401 Par.
234 3334 303 3402 Iun.
317 3318 461 3402 ,Codicis
484 3335 675 3430 scripturam
699 3333 828 3403 dedisse
851 3331 978 3400 videtur
999 3331 1102 3400 Mero.

224 3438 367 3507 uminum
382 3442 399 3478 *
415 3464 499 3533 quoe
518 3451 603 3522 tum]
626 3439 841 3532 Aminumque
862 3464 934 3506 cum
956 3438 1041 3507 lens.
1055 3436 1132 3508 Par.

136 3541 340 3634 animumque
360 3556 429 3613 tum
450 3544 520 3618 lun.

222 3641 331 3714 multis
353 3648 482 3742 ignota]
505 3648 723 3742 migrarem
744 3648 821 3717 Par.

222 3769 408 3844 comesque]
431 3779 604 3848 mortesque
624 3753 710 3823 leus.
732 3751 809 3823 Par.

223 3855 360 3951 Optime
389 3858 556 3929 Mercerus
589 3886 623 3952 p.
653 3866 706 3932 07.
740 3859 808 3928 init.
841 3859 875 3926 in
909 3858 996 3926 hunc
1030 3854 1131 3926 Nonii

134 3962 244 4035 locum
271 3976 399 4042 mouet,
435 3964 553 4060 duplex
584 3980 725 4036 erratum
755 3965 926 4062 irrepsisse
956 3963 1129 4059 ,negligen-
