2566 4432
589 252 661 326 120

131 425 230 510 dedit,
252 425 374 497 inserto
391 421 432 492 de
448 422 635 491 coniectura
637 419 823 516 satz'scere]
849 414 973 509 scripsit
990 411 1133 483 omnino

130 527 297 601 Nonius.“
340 528 444 597 Immo
466 524 640 594 manifesto
663 522 855 616 legendum:
884 519 1057 589 Fatiscere
1078 528 1136 585 est

128 633 258 726 pen're:
279 656 405 700 narsum
426 632 581 726 deficere3
603 629 693 723 prior
707 624 897 719 significatio
915 622 1013 692 estin
1030 646 1136 692 versu

131 735 239 820 Accii,
261 735 423 831 posterior
443 734 531 830 apud
552 732 743 800 Pacuvium.
835 800 838 805 ,

219 839 485 934 haadsattircar,
508 836 599 933 ᾳιιίιι]
629 847 687 903 aut
694 833 849 929 satrscar
869 831 928 927 qai
944 831 1031 899 lens.
1053 841 1138 899 ante

118 947 268 1043 fatiscat
289 971 387 1038 qaam
407 943 484 1013 Par.
508 939 745 1031 antefatircar
765 938 824 1034 qai
842 939 912 1006 lun.
940 936 998 1024 (in
1027 958 1139 1028 marg.
1186 960 1189 965 ·

133 1049 384 1143 hatcdsatr'scar
403 1049 508 1143 qm'rr).

221 1153 289 1222 nisi
305 1168 485 1247 nunquam]
509 1152 556 1219 Ita
580 1149 684 1220 Mero.
706 1149 778 1217 lun.
793 1162 840 1217 -et
862 1147 949 1241 apud
971 1144 1138 1249 Vossium

132 1257 209 1328 Ald.
229 1256 297 1326 m'si
315 1282 454 1349 anquam
475 1257 562 1324 lens.
584 1254 659 1327 Par.
681 1254 716 1322 εἰ
735 1277 874 1346 aequam
895 1251 965 1321 lun
988 1275 1091 1344 marg.

207 1361 378 1455 fatiscar]
388 1361 555 1452 fatescere
575 1360 660 1428 lens.
683 1358 760 1427 Par.

93 1462 99 1471 ¹
220 1468 310 1560 qaod
328 1465 423 1558 qarba
446 1465 538 1546 beai]
568 1466 657 1555 qaod
682 1461 835 1554 amboni
854 1462 940 1529 lens.
960 1459 1037 1529 Par.
1059 1459 1134 1534 Iun.

132 1569 308 1666 qurdquam
329 1571 418 1662 quad
437 1568 532 1660 quibo
554 1567 632 1634 boni
650 1568 722 1634 Iun
740 1590 842 1658 marg

221 1673 340 1741 lterum
378 1672 506 1751 Nonius
546 1670 627 1739 haec
666 1669 794 1739 exhibet
827 1697 861 1765 p.
894 1676 970 1745 479.
1007 1670 1134 1740 Merca

132 1776 373 1863 „Patiscuatnr
398 1801 457 1870 pro
486 1774 648 1844 fatiscant.
692 1770 812 1844 Accitis
837 1774 1133 1868 Epinausimacher

135 1880 267 1949 'l'amen
296 1879 383 1947 haud
411 1879 558 1964 fatiscar,
592 1879 669 1974 quin
701 1896 791 1948 tuam
824 1879 993 1975 implorem
1021 1879 1133 1949 fidem.

134 1983 243 2054 Varro
272 1983 472 2078 Antiquitate
500 1985 642 2053 hnmana
670 1983 725 2052 lib.
752 1983 850 2054 XIV:
886 1984 998 2054 Altera
1022 1984 1070 2052 ita
1098 2000 1135 2054 et

135 2089 265 2182 (altera
292 2100 402 2158 aetate
430 2090 527 2159 scribi
553 2090 642 2158 iubet
671 2090 775 2158 More.
809 2088 917 2156 altera
950 2089 1004 2157 ira
1032 2087 1135 2159 habet

133 2193 206 2265 Iun.
241 2193 280 2260 In
302 2192 390 2261 libris
415 2211 479 2278 est,
504 2196 592 2290 qood
615 2195 719 2263 More.
743 2193 876 2271 edidit.)
899 2191 998 2262 altera
1020 2192 1134 2262 vulne·

134 2298 223 2368 ribos
255 2296 455 2369 fatiscuntur.
515 2299 635 2368 Accius
674 2297 865 2377 Duloreste:
930 2300 1063 2380 Vereor,
1100 2300 1138 2367 si

134 2426 308 2495 numquam
316 2403 602 2497 satiscarsacere
623 2406 713 2496 qaod
731 2403 826 2495 ᾳιιίὸο
847 2402 932 2471 boni.

221 2508 461 2600 hantsatz'scar
476 2510 568 2602 qm'rr]
592 2521 649 2576 aot
658 2508 827 2600 fatiscam
841 2507 916 2600 ᾳιιίιι
937 2506 1025 2576 lens:
1042 2508 1137 2579 laud

120 2609 289 2700 fatiscam
310 2613 385 2703 qur‘rr
406 2611 482 2681 Par.

228 2719 336 2786 Varro
366 2731 427 2786 etc.
448 2759 493 2770 —-
521 2717 613 2799 barri]
644 2716 738 2785 Haec
768 2716 918 2786 omittunt
946 2716 1030 2785 lens.
1052 2715 1133 2786 Par.

133 2818 243 2887 Habet
270 2821 356 2902 lum,
387 2820 446 2889 sed
473 2820 698 2890 Pacuvianum
725 2847 852 2890 versum
881 2821 925 2889 ita
955 2819 1061 2904 effert,
1095 2836 1132 2891 ut

134 2923 241 3019 priore
264 2923 339 2995 loco
362 2925 395 2992 in
423 2948 524 3019 marg.
552 2941 714 3021 posuerat.
760 2922 810 2994 Ne
833 2924 1036 2995 Memoriana
1058 2925 1131 3021 qui-

137 3027 212 3096 dem
243 3027 340 3099 lectio
376 3029 509 3102 omnino
544 3055 635 3114 vera3
670 3054 746 3098 nam
779 3027 898 3096 lemma
930 3029 1132 3100 demonstrat

135 3131 344 3202 Varroniana
366 3134 464 3205 verba
485 3135 590 3230 primo
621 3134 696 3203 loco
727 3158 799 3202 esse
827 3134 995 3228 ponenda,
1026 3159 1130 3229 eaque

134 3260 204 3305 non
227 3235 339 3308 dubito
364 3236 435 3306 sola
458 3237 534 3307 olim
558 3238 608 3306 hic
631 3237 749 3320 fuisse,
779 3235 903 3336 reliqua
931 3237 1059 3307 adiecta
1088 3238 1130 3307 ab

134 3340 343 3426 hominibus,
389 3342 444 3436 qui
480 3343 694 3411 meminerant
731 3341 828 3411 etiam
863 3364 962 3435 supra
998 3341 1131 3435 passiva

133 3443 283 3539 exempla
305 3470 325 3514 a
347 3442 457 3529 Nonio
481 3445 559 3516 dari.
594 3446 681 3514 Hinc
703 3445 841 3516 Accium
855 3442 1031 3514 Duloreste
1052 3445 1130 3514 bea·

135 3564 225 3632 runt,
253 3575 326 3616 cum
349 3549 441 3619 locos
465 3549 499 3618 in
521 3551 668 3646 margine
690 3567 836 3646 repertos
861 3547 915 3616 alii
937 3547 1045 3633 initio,
1073 3548 1130 3618 alii

135 3651 169 3720 in
192 3653 257 3722 fine
279 3670 488 3748 apponerent.

221 3757 260 3824 In
282 3783 377 3828 versu
399 3757 536 3827 Pacuvii
557 3760 663 3854 priore
686 3759 901 3852 aequiperare
918 3754 1009 3827 Delr.
1026 3756 1128 3828 Scriv.

135 3860 250 3945 Both.;
285 3860 356 3935 edd.
381 3860 479 3934 Nonii
501 3863 534 3930 in
557 3864 775 3957 aequiparare
796 3860 1018 3944 consentiunt,
1045 3885 1129 3956 quae

134 3965 239 4039 forma
259 3967 335 4037 item
360 3984 408 4039 est
428 3967 545 4061 fragm.
559 3967 622 4092 inc.
638 3977 669 4043 3.
693 3970 727 4060 (e
744 3964 829 4036 Gell.
846 3963 888 4037 N.
903 3965 943 4047 Α.
958 3963 1051 4049 XIV,
1068 3968 1128 4058 t.);
