2566 4432
660 282 733 357 100

281 455 344 530 st.
367 463 421 530 10.
471 453 568 526 Velut
598 451 751 534 Orestes]
784 450 853 522 Vel.
880 450 934 522 tte
966 448 1025 520 Or.
1054 448 1202 520 editores

193 562 405 656 tragicorum,
439 555 530 625 cuius
560 555 710 627 lectionis
739 570 1058 649 auctorempraeter
1082 554 1202 632 Lamb.

193 692 262 736 non
285 664 426 758 reperio.
470 660 559 730 Hinc
582 662 661 730 illud
686 661 726 732 de
750 677 876 731 tetram.
898 659 1047 729 iambico.

224 822 228 830 ·
282 790 380 861 modo
394 789 559 858 mendicus
569 791 690 882 sactus
712 801 788 871 cst]
811 788 972 859 Vossius:
995 787 1120 872 „fidem
1135 787 1203 858 Pa·-

194 898 371 969 latinorum
392 896 534 988 'quatuor
557 893 707 962 codicum
730 908 803 988 [ap.
820 892 914 961 Grut.
931 891 1058 986 reperio
1074 892 1155 961 Pal.
1171 897 1203 967 4.

198 1020 231 1072 et
252 1003 337 1070 inter
358 998 461 1066 lineas
486 1007 534 1079 6.]
559 993 706 1082 secutus,
730 998 853 1067 scribo:
868 997 1015 1090 sactn'st
1035 997 1205 1066 mendicus

195 1109 305 1175 modo.
314 1117 332 1149 “
365 1101 518 1170 Palatino
543 1103 700 1172 accedere
723 1102 850 1172 videtur
867 1099 933 1169 Ox.
948 1101 999 1185 L,
1022 1100 1077 1196 qui
1100 1100 1205 1172 altero

196 1212 295 1280 modo
319 1233 429 1277 carere
452 1194 612 1277 narratur.
654 1207 778 1276 Parum
809 1205 1027 1276 necessariam
1054 1206 1205 1276 mutatio·

197 1341 274 1384 nem
297 1312 443 1382 arbitror.

286 1451 349 1521 Vs.
374 1459 425 1522 11.
461 1475 515 1518 res
539 1451 675 1543 contigit
695 1466 828 1544 nempe]
851 1475 905 1519 res
928 1451 1010 1520 boec
1030 1461 1117 1519 cont.
1140 1449 1206 1518 edi·

199 1573 288 1626 tores
325 1552 538 1647 tragicorum,
573 1551 744 1624 Ciceronis
778 1554 874 1639 liber,
910 1571 1067 1649 quantum
1098 1554 1208 1639 video,

199 1659 320 1729 nullus.
363 1658 445 1727 lude
470 1658 586 1727 iterum
609 1675 680 1728 tetr.
704 1658 881 1749 iambicus.
915 1657 1152 1734 Palaesten
1172 1668 1208 1727 'et

198 1765 284 1832 inter
312 1762 416 1831 lineas
447 1771 478 1838 6.
507 1763 717 1834 Oxonienses
748 1762 789 1830 A.
813 1761 855 1831 G.
878 1760 922 1829 b.
941 1761 983 1831 R.
1012 1786 1128 1854 nempe
1150 1787 1207 1831 res

198 1869 267 1937 ista
288 1867 422 1961 contegit
454 1867 520 1948 (vel
543 1867 729 1960 contingit).
774 1867 955 1960 Receptam
981 1861 1099 1962 reliqui
1122 1865 1207 1935 Gru·

200 1972 317 2042 teriani
339 1971 491 2040 videntur
513 1973 607 2042 tueri.
651 1970 924 2064 Distinguebatur
950 1988 1024 2040 ante
1047 1971 1209 2041 Vossium

198 2094 277 2172 post
305 2075 457 2168 contigit,
487 2093 523 2144 ut
550 2101 666 2168 nempe
694 2101 770 2170 ergo
799 2076 1057 2169 coniungeretur.
1118 2075 1207 2147 Vos·

202 2181 298 2249 siena
320 2179 538 2272 interpunctio
563 2179 741 2265 adiuvatur,
771 2196 807 2248 ut
828 2180 977 2264 vidimus,
1000 2206 1021 2249 a
1041 2180 1131 2250 libris
1155 2179 1210 2275 qui

199 2290 319 2354 'vocem
342 2300 577 2377 transponunt;
604 2285 742 2353 eandem
764 2285 887 2379 recepit
909 2283 1008 2358 Both.

291 2436 370 2505 ergo
392 2413 484 2482 haud
503 2412 654 2482 Fortuna
677 2413 818 2507 obtigit]
863 2412 949 2481 Mire
978 2412 1108 2482 turbant
1128 2411 1210 2482 libri.

203 2514 375 2585 Palatinus
399 2522 431 2589 4.
469 2532 501 2584 et
528 2516 613 2585 iuter
639 2517 745 2587 lineas
769 2527 800 2592 6.
831 2517 919 2610 apud
948 2515 1042 2592 Grut.
1069 2541 1146 2612 ergo
1174 2517 1213 2585 id

203 2621 379 2715 nonsorte
393 2643 502 2712 neque
518 2623 656 2708 fortuna
678 2621 802 2715 obtigit.
845 2621 918 2690 Pal.
942 2633 973 2696 5.
996 2646 1072 2715 ergo
1094 2623 1134 2691 id
1141 2622 1210 2714 flu·

205 2738 259 2796 ctu
279 2750 345 2793 non
350 2726 453 2817 sorte
474 2736 538 2808 ont,
542 2726 689 2817 fortuna
712 2724 837 2818 obliget.
885 2725 1018 2797 Oxonu.
1040 2727 1081 2797 A.
1106 2725 1149 2796 G.
1171 2726 1211 2796 L.

204 2829 249 2899 R.
270 2813 315 2931 ψ.
336 2851 413 2920 ergo
436 2826 474 2895 id
492 2854 557 2897 non
566 2832 667 2924 sorte
689 2832 792 2924 ants.
815 2855 846 2898 0.

293 2955 427 3025 Priores
462 2954 718 3049 fragmentorum
754 2958 894 3027 editores
928 2957 1063 3027 laudant
1098 2984 1211 3028 versus

209 3061 271 3131 bos
306 3060 366 3130 sub
393 3059 522 3128 Incertt.
545 3060 693 3140 Pacuvii,
720 3061 853 3130 Delrius
882 3062 981 3132 refert
1001 3064 1043 3132 ad
1067 3064 1213 3133 eiusdem

206 3165 439 3247 Hermionam,
475 3192 572 3259 quem
602 3166 706 3234 secuti
738 3183 815 3234 sunt
844 3166 950 3236 ceteri.
994 3166 1133 3239 Scriver.
1160 3168 1210 3237 his

209 3297 267 3342 eos
290 3270 418 3352 laudat,
447 3269 588 3361 primum
617 3271 677 3338 sub
701 3271 900 3355 Hermiona,
930 3271 1046 3341 deinde
1076 3273 1137 3341 sub
1159 3273 1211 3341 In-

209 3375 305 3444 certis
335 3373 488 3456 Pacuvii,
516 3373 714 3443 variantibus
743 3375 948 3446 lectionibus.
993 3374 1141 3470 Scaliger
1170 3377 1213 3446 ad

210 3477 336 3547 Tibull.
357 3480 383 3562 l,
407 3486 459 3551 70.
482 3478 700 3574 fragmentum
720 3480 819 3551 refert
842 3482 884 3550 ad
905 3479 1132 3566 Dulorestem,
1160 3483 1213 3552 cui

209 3581 425 3676 adstipulatur
445 3580 590 3654 Naelrius
614 3585 635 3653 l.
659 3610 686 3653 c.
708 3612 741 3679 p.
760 3585 804 3655 V.
826 3626 872 3643 —-
893 3585 984 3655 Vera
1006 3585 1035 3653 si
1058 3603 1144 3655 esset
1166 3586 1212 3658 le·

203 3686 290 3755 'ctioz
328 3686 456 3770 „Velut
476 3688 530 3757 tic
556 3690 729 3768 Orestes,“
750 3715 856 3785 paene
881 3706 969 3760 certo
994 3717 1011 3760 e
1034 3690 1212 3762 Duloreste

209 3814 321 3859 versus
345 3789 469 3874 foreut3
492 3807 561 3861 tum
584 3794 669 3861 enim
692 3794 915 3863 necessarium
936 3811 1031 3879 esset,
1056 3795 1213 3867 Orestem

209 3893 352 3967 adfuisse
375 3893 409 3963 in
432 3919 548 3980 scena,
576 3897 632 3965 ubi
653 3898 710 3968 illa
731 3901 829 3969 verba
852 3899 892 3969 dc
917 3927 957 3971 eo
979 3901 1213 3996 proferrentur,

107 4002 109 4007 ’
150 4003 154 4013 “
210 4014 243 4068 et
264 3997 397 4072 omuino
419 3999 605 4096 probabile,
633 4003 728 4078 buius
759 4004 973 4106 ipsiussorte
996 4006 1132 4081 eborum
1154 4007 1213 4079 ad-
