2566 4432
608 254 681 337 108,

231 427 403 520 quoniam]
432 427 482 494 lta
510 425 595 493 lens.
618 424 696 493 Par.
718 425 842 494 Iunius.
865 423 942 501 Ald.
971 451 1024 520 ap.
1046 424 1147 501 Voss.

143 555 243 623 quam
264 533 334 601 Iun.
359 556 459 625 marg.
482 529 574 598 Delr.
618 527 664 597 At
691 528 873 623 posteriore
903 529 977 600 loco
1008 556 1149 624 quonam

145 659 260 705 omnes
285 636 369 720 edd,
394 651 551 729 qnantum
573 632 679 717 video,
702 633 765 722 nisi
788 635 878 730 quod
900 634 975 709 Par.
998 627 1056 732 {iffi
1076 638 1099 706 i.
1119 665 1148 706 e.

143 739 312 832 quoniam,
336 757 372 808 ut
393 738 531 809 Mediol.
555 762 608 834 ap.
631 737 732 810 Voss,

231 846 373 926 clamor]
395 844 510 913 Priore
532 843 608 914 loeo
632 869 700 931 non
723 844 848 913 variant
871 842 945 913 edd.

231 951 318 1019 elom
345 951 448 1031 clem]
484 947 594 1018 Semel
624 965 748 1017 tantum
776 950 864 1018 elam
891 949 979 1018 lens.
1007 948 1085 1019 Par.
1116 967 1148 1020 et

144 1079 194 1150 ap.
217 1053 378 1123 Vossinm
399 1053 537 1123 Mediol.
559 1053 645 1123 clam
669 1079 723 1122 vos
746 1054 816 1128 Iun.

230 1157 374 1228 Vossius
406 1157 529 1257 duplici
552 1159 652 1227 modo
688 1158 799 1227 locum
829 1173 947 1226 tentat:
1000 1159 1066 1229 Ubi
1091 1160 1148 1230 ille

142 1267 220 1335 cst?
250 1263 407 1333 miseram
436 1266 512 1331 me!
544 1287 686 1355 quonam
714 1263 809 1332 clam*
828 1255 998 1331 eliminet?
1048 1265 1145 1349 „Vel

141 1371 297 1463 potius,“
324 1367 442 1462 inquit,
470 1368 617 1450 „scribez
644 1411 689 1420 -
710 1368 767 1436 ubi
785 1368 849 1436 Ille
871 1371 946 1436 est?
974 1394 1027 1437 me
1048 1370 1145 1438 mise·

140 1473 238 1539 ram!
260 1495 357 1563 quom
378 1471 503 1538 clamos
526 1470 679 1546 elz'rm'not,
721 1469 901 1560 Quomodo
925 1471 1046 1541 Accius
1070 1475 1144 1543 Me·

59 1650 62 1657 ,
140 1572 253 1668 leagro
278 1574 354 1642 dixit
382 1573 508 1643 Tiiro'de
537 1574 686 1643 elimz'nor
710 1577 866 1652 clamore.
907 1577 952 1646 Et
974 1580 1145 1648 confirmat

139 1679 314 1750 lectionem
337 1670 440 1764 hanc,
469 1679 558 1774 qnod
581 1705 647 1747 nno
670 1680 704 1748 in
729 1680 804 1750 loco
833 1684 988 1772 (namin
1012 1682 1142 1777 gemino

140 1786 217 1855 citat
237 1782 388 1876 Nonius)
417 1811 478 1879 pro
507 1784 634 1853 clamor
659 1784 816 1878 scriptum
839 1786 926 1855 clam
948 1813 1020 1872 eos,
1053 1787 1142 1884 qnod

140 1891 218 1986 qnin
242 1890 427 1959 exclames
455 1904 641 1983 corruptum
670 1888 713 1957 sit
736 1889 869 1958 dubium
897 1918 966 1961 non
995 1908 1054 1961 est.
1101 1891 1144 1960 At

140 1995 230 2092 qnod
250 1993 434 2063 Palmerins
459 1991 669 2075 emendabat,
698 1994 853 2086 quianam
875 1994 1019 2064 clamore
1040 1996 1142 2064 elirm‘-

137 2113 216 2170 nat:
238 2098 272 2167 id
295 2102 369 2168 vere
391 2097 634 2166 Palmeriannm
659 2114 723 2181 est,
745 2098 780 2166 id
804 2116 868 2184 est,
891 2100 1143 2171 duriusculum.“

137 2204 280 2274 Bothius
304 2203 421 2297 probat
443 2202 596 2284 clamore,
618 2201 736 2270 retinet
758 2227 873 2295 qoam;
895 2204 922 2273 is
946 2206 1043 2299 igitur
1065 2209 1141 2276 sub-

137 2309 259 2377 iectum
281 2306 370 2376 verbi
393 2306 540 2376 eliminat
560 2322 654 2401 putat
676 2333 747 2377 esse
770 2308 874 2392 illum,
904 2338 1002 2407 quem
1024 2311 1141 2381 mulier

138 2413 273 2510 quaerit.
324 2412 399 2505 Ego
429 2410 555 2482 Vossio
584 2412 875 2506 obtemperandum
905 2417 1026 2485 censui.
1076 2419 1141 2486 Ille

137 2518 227 2614 apud
248 2528 363 2613 poetas
388 2517 537 2614 antiquos
560 2517 703 2610 priorem
720 2517 876 2612 syllabam
892 2523 1063 2618 corripere,
1086 2525 1139 2594 tri-

136 2640 205 2694 tum
229 2639 288 2692 est.

349 2894 462 2966 XXX.
513 2890 650 2987 (Both.
675 2893 813 2968 Dulor.
838 2896 922 2992 38.)

222 3113 266 3128 -
289 3070 366 3166 Ego
387 3099 460 3142 sum
481 3072 625 3144 Orestes.
658 3077 766 3146 Immo
788 3077 948 3148 enimvero
970 3105 1032 3174 ego
1054 3109 1136 3163 sum,

134 3179 283 3274 inquom,
313 3178 459 3248 Orestes,

320 3452 471 3525 XXXII.
520 3449 638 3546 (Non
663 3438 783 3524 habet
807 3452 948 3548 Both.)

220 3674 265 3683 —
285 3630 393 3699 Ambo
415 3631 465 3700 sic
486 3655 551 3699 uno
574 3630 732 3700 enicorier
747 3657 935 3722 precamur.

222 3767 343 3839 Omnis
375 3769 414 3837 de
444 3769 494 3838 his
524 3769 668 3838 versibus
697 3769 871 3865 disputatio
894 3770 1017 3865 pendet
1039 3797 1059 3840 a
1081 3773 1136 3840 tri-

131 3875 192 3943 bus
215 3874 296 3943 locis
322 3872 565 3957 Ciceronianis,
588 3900 724 3967 quorum
748 3874 870 3966 primus
896 3892 945 3944 est
967 3876 1007 3945 de
1024 3875 1136 3945 Finib.

131 3977 176 4063 V,
199 3989 258 4055 22:
302 3977 424 4069 „Quid
452 3977 567 4077 loquar
597 3979 637 4049 de
664 3977 776 4064 nobis,
806 3979 860 4076 qui
883 3980 926 4050 ad
947 3980 1079 4051 laudem
1103 3999 1136 4052 et
