2566 4432
612 265 662 338 94

139 446 213 515 ME.
263 427 349 522 riute
372 433 537 511 πολιτῶν
563 427 845 534 ἐξαμιλλῶνταί
862 464 901 512 σε
921 438 1008 537 γϊῐςς
1073 457 1076 463 ·

141 563 211 630 ΟΡ
261 591 310 605 -
334 588 383 603 ·-
408 591 455 603 -
481 535 547 624 tad
568 575 610 652 τε
597 549 671 691 quoio
696 539 728 628 d
753 537 991 648 αἰπόλλυμωι.

139 671 212 738 ΜΕ
263 654 317 750 τίς
350 649 383 737 d’
414 647 616 749 ἅλλοςςη
594 691 725 741 ηπου
760 692 829 740 ror
861 664 931 741 ἐπ’
959 657 1144 764 Αἰγίσθου

738 770 871 876 φίλωνς

140 903 210 970 ΟΡ.
255 879 354 965 οὑτοι
374 918 405 986 μ
405 884 552 997 υβριζ
553 916 618 965 ove
632 941 645 975 ,
672 881 718 968 ὠν
743 882 855 981 πόλις
879 892 988 970 τανῦν
1012 883 1126 970 κλύει.

161 1158 259 1231 ΧΙΧ.
310 1152 447 1249 (Both.
472 1150 611 1227 Dulor.
637 1156 670 1228 8.
695 1158 729 1229 9.
762 1156 899 1229 Incert.
925 1159 1011 1231 Pac.
1035 1158 1120 1256 35.)

224 1337 346 1406 Festus
382 1362 418 1451 p.
443 1342 520 1408 ott.
554 1349 586 1401 et
616 1334 649 1401 in
676 1333 791 1426 fragm.
820 1362 852 1430 p.
883 1347 950 1413 65,:
995 1340 1144 1432 „Specta

137 1443 209 1511 sine
240 1436 484 1534 praepositione
514 1461 593 1506 usus
624 1453 674 1506 est
701 1438 905 1508 Pacuvius
895 1454 929 1510 rn
957 1441 1142 1530 Duloreste,

138 1573 214 1614 cum
238 1544 296 1612 ait.
342 1541 498 1632 Amplius,
529 1541 704 1610 ntbzcnndo
727 1541 849 1628 colore,
878 1559 911 1614 et
931 1559 1045 1638 spectu
1061 1573 1143 1692 pro·

136 1662 226 1721 terro
236 1650 357 1744 serem

223 1787 379 1879 Amplus]
411 1784 500 1853 Sic
492 1811 525 1852 m
547 1784 602 1854 Fr.
624 1784 739 1857 Priore
762 1787 836 1858 loco
865 1789 962 1882 vulgo
995 1806 1046 1860 est
1073 1815 1143 1859 ern·

131 1891 220 1985 plius
228 1915 241 1969 3
264 1890 322 1957 sed
344 1890 422 1958 illud
446 1889 544 1957 habet
567 1891 661 1959 etiam
684 1891 761 1962 Par.

226 1995 355 2065 Nonius
378 2021 410 2087 p.
433 1999 508 2068 904.
532 1994 652 2065 Mero:
697 1999 884 2081 „Frontem
906 1999 1064 2068 feminino
1089 2026 1144 2092 ge·

135 2126 213 2169 nere
243 2097 398 2190 Virgilius
429 2098 483 2168 ait.
519 2099 622 2191 (Aen.
645 2100 720 2186 Vll,
748 2105 845 2192 417.)
875 2143 920 2158 -
954 2103 1142 2174 Masculino

136 2203 303 2273 Titinnius
332 2201 459 2272 Setina:
493 2244 539 2258 -
565 2203 747 2276 Pacuvius:
797 2207 923 2276 Fronte
949 2232 1141 2299 suppresse,

135 2308 248 2378 innato
258 2309 396 2401 fronte,
420 2309 507 2377 uultu
528 2309 729 2399 turpr'tudo.“
1006 2381 1013 2391 ,

141 2477 145 2483 .
225 2413 263 2481 ln
288 2414 362 2482 edd.
379 2414 465 2482 lens.
483 2430 514 2482 et
527 2413 603 2482 Par.
627 2414 720 2483 deest
741 2416 833 2486 locus
858 2415 1033 2507 (omittunt
1055 2416 1141 2484 enim

135 2536 240 2588 totum
275 2535 372 2614 caput
405 2517 484 2601 „De
520 2514 702 2587 indiscretis
737 2521 909 2612 generibus
919 2524 970 2613 “).
1028 2516 1153 2588 lunius'

137 2623 194 2695 dat
223 2626 312 2700 Voce
334 2623 443 2712 (unde
466 2624 570 2693 Mero.
594 2623 719 2693 duxerit
738 2626 865 2693 Fronte
886 2651 996 2717 suppr.
1020 2624 1140 2695 oblitus

137 2746 188 2797 est
208 2754 360 2811 monere3
397 2731 485 2800 Voce
506 2727 571 2796 iam
594 2727 694 2802 Voss.
717 2729 877 2823 restituit)
906 2755 935 2798 s.
949 2729 1141 2824 ‘znnmasn

56 2893 62 2900 .
138 2859 165 2902 r.
188 2833 331 2924 turpido.
375 2833 516 2903 Mereor.
537 2860 570 2928 p.
596 2844 671 2908 148.
694 2850 846 2904 annotat:
890 2834 955 2917 „In
976 2832 1051 2902 loco
1075 2832 1140 2903 Pa-

137 2936 220 3007 cuvii
242 2936 357 3005 melius
380 2936 477 3031 vulgo
502 2937 644 3029 turpido,
668 2963 766 3032 quam
787 2939 823 3006 in
845 2936 933 3006 libris
956 2938 1140 3031 turpitudo,-

5 3116 11 3127 Ι
135 3042 199 3111 nisi
229 3039 435 3110 scribendum
463 3041 505 3110 sit
539 3042 642 3133 turpi,
684 3042 827 3123 lividae
863 3041 1036 3137 postremis
1071 3068 1140 3113 non

134 3146 347 3216 adsentimus.

222 3252 277 3320 Ad
299 3266 470 3344 utrumque
487 3248 550 3320 hoc
573 3249 800 3345 fragmentum,
823 3275 917 3348 quae,
942 3275 1139 3347 quamquam

136 3353 269 3424 diversis
293 3353 374 3423 locis
397 3355 580 3438 laudantur,
606 3356 836 3450 coniungenda
860 3382 931 3426 esse
956 3382 1138 3441 censemus,

130 3459 275 3552 optimus
306 3458 370 3526 dux
400 3459 459 3528 erit
480 3457 639 3543 Vossius,
673 3460 727 3554 qui
749 3462 782 3529 in
803 3459 978 3555 ,Castigatt
1001 3470 1054 3537 89.
1077 3461 1138 3529 ita:

133 3562 308 3653 „Amplun
332 3588 360 3631 r.
378 3588 406 3632 c.
429 3563 546 3651 (deest
561 3566 612 3655 et)
634 3588 685 3654 sp.
695 3587 732 3656 p.
734 3566 774 3660 s
789 3605 833 3620 -
847 3564 1012 3660 profiteor.
1053 3562 1139 3634 Cum

133 3665 300 3759 superiore
330 3691 407 3734 vero
439 3665 553 3760 fragm.
582 3668 719 3737 alterum
743 3687 903 3739 connecto
932 3669 995 3738 hoc
1023 3686 1138 3764 pacto:

132 3769 271 3860 Amplus
296 3772 479 3861 —seroam
509 3775 597 3842 Voce
618 3799 814 3866 suppressa,
839 3784 999 3865 capereto
1007 3776 1137 3865 fronte,

133 3876 219 3967 vultu
252 3873 390 3943 turbido.
448 3872 523 3944 Sive
557 3875 585 3945 si
617 3876 701 3947 forte
735 3877 844 3945 malis:
879 3878 964 3946 vultu
996 3879 1138 3968 torpriio.

131 3976 355 4048 Posteriorem
378 4003 507 4048 versum
530 3979 607 4048 citat
624 3978 763 4065 Nonius,
786 3982 845 4050 sed
868 3981 955 4076 apud
979 4006 1054 4051 eum
1076 4007 1137 4076 pro
