2566 4432
486 248 666 334 Ι81

215 414 359 511 frugum
372 413 504 509 satum]
520 415 663 511 frugum
691 435 801 484 secum
822 409 908 483 leus.
931 411 952 483 l.
980 424 1010 491 1.
1040 439 1151 488 secum

127 520 267 616 surgam
295 518 372 594 Par.
399 516 422 586 l.
455 524 484 591 1.
536 516 683 587 Eaedem
711 516 733 586 l.
763 527 796 592 2.
810 516 1152 613 frugumsoeturom.

142 624 287 717 Fntgem
314 647 425 692 secum
456 648 473 691 e
497 617 586 691 Non.
613 648 642 694 v.
660 619 821 713 grondr're
847 622 926 690 citat
946 620 1060 719 Steph.
1070 626 1149 717 sm·

138 752 219 821 gum
226 728 364 819 foetum
386 725 502 820 Steph.
518 723 611 795 Delr.
645 719 732 793 Cum
753 723 857 795 Marc.
882 727 1046 797 consentit
1065 728 1138 798 Iun.

229 831 409 912 mitr'sccre]
432 831 482 898 Ita
503 828 608 901 Mero.
630 827 734 898 altero
755 827 841 902 loco.
887 827 956 900 Sed
982 831 1151 902 mitescere

138 934 226 1004 lens.
260 932 336 1008 Par.
370 934 442 1004 Iun.
496 932 654 1004 Praefero
689 948 799 1003 tamen
832 932 973 1004 formam
1004 934 1148 1008 insolen-

139 1038 264 1112 tiocem.
1069 1107 1072 1115 .

229 1140 333 1232 Quod
367 1143 510 1213 Bothius
548 1141 647 1213 verba
680 1141 881 1235 transponit:
917 1163 1044 1234 „posse
1064 1146 1147 1238 sare·

139 1257 252 1325 tum‚“
274 1245 401 1317 videtur
421 1247 612 1342 imprudens
635 1244 764 1330 fecisse,
787 1261 823 1314 ut
845 1262 958 1315 tacens
974 1247 1059 1318 facit.
1092 1249 1148 1320 Ad

139 1349 296 1420 tuendam
319 1351 483 1445 vulgatam
510 1350 684 1420 lectionem
706 1349 800 1419 .valet
819 1349 960 1420 sortasse
991 1351 1087 1422 etiam
1109 1353 1146 1422 il-

138 1453 213 1539 lud,
237 1455 327 1549 quod
350 1455 505 1525 solemnis
530 1471 579 1524 est
601 1454 690 1550 apud
713 1453 865 1548 antiquos
889 1452 1053 1548 Tragicos
1077 1457 1145 1526 alli·
1185 1444 1190 1451 ’

140 1559 266 1643 teratio,
290 1584 389 1654 qnam
409 1586 489 1645 rem,
514 1586 588 1629 cum
610 1585 679 1627 non
704 1557 782 1627 satis
805 1557 883 1628 VV.
906 1558 983 1644 DD.
1007 1560 1050 1629 ad
1073 1585 1147 1631 eam

142 1662 315 1733 videantur
343 1664 520 1733 attendisse
550 1663 632 1756 (etsi
655 1659 821 1731 Columna
848 1662 971 1759 aliquot
992 1663 1145 1734 Enniana

139 1768 274 1838 contulit
297 1766 445 1861 exempla
466 1769 501 1837 in
525 1766 666 1836 editione
689 1764 839 1860 fragmm.
862 1791 894 1861 p.
916 1772 975 1854 4.),
997 1766 1144 1861 pluribus

139 1872 351 1967 comprobare
382 1872 485 1946 liceat.
537 1870 637 1957 Vide¹
656 1869 702 1940 sis
732 1869 821 1963 apud
849 1869 959 1965 ipsu'm
986 1867 1144 1944 Nostrum

141 1973 246 2070 Niptr.
272 1985 323 2050 10.
344 1977 458 2049 Boin:

138 2113 260 2200 „Cedo
290 2131 399 2183 tamen
421 2114 540 2209 pedem
562 2113 658 2199 mihi,
687 2112 824 2208 lymphis
837 2112 937 2206 flavis
950 2115 1080 2206 flavum
1107 2133 1144 2187 ut

138 2322 293 2393 Mdnibus
315 2323 430 2408 lsdem‚
454 2323 569 2419 qussrus
585 2320 674 2390 Ulixi
695 2216 979 2415 εεξὲἐνζζῗῃιῶεἱ,
1001 2325 1144 2412 a‘lsluam⁹

138 2423 446 2523 Lassitudinquue
468 2427 614 2496 minuam
634 2432 790 2496 ma‘nuum
815 2424 1055 2497 mollitudinem

137 2566 301 2637 Periboea
326 2575 381 2641 17:

203 2757 224 2792 ‚,
239 2705 302 2790 Tu,
324 2703 455 2788 mulier,
477 2715 552 2798 tege
575 2714 608 2774 te
632 2718 664 2773 et
685 2707 757 2772 tuta
777 2702 901 2799 templa
923 2700 1071 2779 Liberi«

139 2860 172 2916 ct
191 2843 312 2915 ibidem
332 2852 396 2921 ,192

226 2983 352 3078 „Lapst
373 3005 547 3066 corruta,
570 2971 726 3051 aerdmua
746 3007 865 3078 corpus
887 2983 1053 3054 cdnficit“

225 3123 276 3191 Ex
297 3119 411 3205 Accio,
435 3120 491 3216 qui
514 3118 733 3191 alliterationis
755 3121 913 3216 imprimis
931 3145 1045 3192 amans
1065 3145 1139 3194 csse

137 3224 279 3310 videtur,
302 3224 411 3294 adsint
432 3224 514 3293 haec
536 3240 661 3294 tantum
684 3225 843 3321 exemplat
962 3264 965 3269 >

182 3328 441 3425 Clytaemnestra
462 3339 504 3402 5:

136 3465 272 3555 „Deum
286 3484 439 3564 regnator
455 3470 552 3540 nocte
574 3489 673 3536 caeca
691 3465 819 3535 caelum
835 3490 852 3535 e
868 3483 1048 3563 conspectu
1064 3468 1139 3542 dlas-

366 3670 369 3675 .
633 3589 640 3597 ·
735 3571 844 3641 ιιιιὶιαί

135 3711 412 3808 Epinausimache
435 3720 474 3790 92

136 3890 211 3938 „-
232 3849 480 3925 Scamandriam
502 3849 625 3921 undam
646 3846 736 3920 salso
757 3851 906 3919 sanctam
923 3845 1051 3919 obtexui
1064 3851 1140 3919 stn-

127 3966 130 3971 ·
734 3952 869 4047 guine·“

819 4063 847 4135 6
