2566 4432
626 297 675 370 99

140 462 262 533 sariam
289 485 364 532 esse
395 462 497 532 ullam
525 504 568 519 -
595 461 696 556 regi.)
741 457 797 527 Sic
830 458 907 528 editi
935 485 956 529 a
983 460 1144 554 Victoria,

141 568 204 637 nisi
228 567 317 662 quod
339 568 462 638 babent
483 570 591 663 priore
608 591 656 637 vs.
665 567 845 664 fortunam
868 566 1017 658 [fortuna
1032 569 1144 645 Oxon.

140 672 214 755 L.];
239 673 328 767 quod
351 673 451 747 modo
474 674 553 742 item
571 689 621 742 est
637 672 672 740 in
690 670 841 740 omnibus
864 671 1060 744 membranis
1082 703 1144 748 no-

140 776 233 862 stris,
271 803 408 874 quarum
441 777 642 873 antiquiores
675 775 772 871 plane
806 773 994 869 praeferunt
1034 780 1145 851 Ullam

139 906 213 951 essa
239 882 453 952 mr'sen'tatem
482 895 540 952 aut
567 880 817 957 humanitatem,
844 882 908 948 sed
933 891 1007 956 tam.
1035 886 1146 955 omm'a

138 986 221 1080 regi.
269 986 415 1081 Vulgata
444 1004 537 1056 vetus
568 984 706 1081 profert:
721 988 899 1079 fortunam
925 1000 1043 1079 negent
1072 1004 1145 1071 [na-

135 1102 216 1182 gent
238 1091 334 1161 etiam
358 1090 424 1160 Ox.
447 1093 488 1161 A.
511 1091 569 1173 L.]
592 1091 803 1166 allamma,
827 1092 890 1158 sed
908 1101 1011 1160 tem.“
1051 1093 1144 1166 Oxo·

140 1193 263 1263 niensis
293 1195 341 1265 A:
370 1221 443 1266 asse
473 1197 573 1265 ullam
601 1194 850 1264 miseracionam
878 1207 936 1264 aut
962 1197 1154 1287 humanata„

139 1308 220 1376 tam,
256 1297 305 1368 G:
338 1325 412 1369 esse
443 1301 544 1369 ullam
576 1299 742 1368 misen‘am
772 1310 869 1392 atque
899 1301 1146 1388 humanitatem,

139 1400 187 1469 L:
209 1403 310 1472 ullam
330 1402 497 1472 nasaniam
519 1405 663 1495 (omisso
692 1405 795 1494 esse).
840 1402 946 1472 Vides
968 1405 1146 1502 interpola·

139 1521 248 1575 torum
271 1509 492 1578 temeritatem.
536 1507 751 1578 Restituimus
774 1506 950 1577 lectionem
976 1509 1053 1580 olim
1075 1511 1145 1582 vul-

141 1626 253 1706 gatam
276 1616 394 1707 (quam
417 1613 516 1681 etiam
538 1613 651 1682 Turio.
663 1611 833 1701 exhibet),
857 1610 917 1680 sed
939 1617 1145 1709 transpositis

140 1714 275 1783 vocibus
305 1740 378 1784 esse
404 1716 518 1795 ull,am
550 1715 692 1785 Graevio
722 1714 884 1799 obsecuti,
916 1715 972 1810 qui
998 1720 1145 1811 putabat,

139 1817 307 1887 na'seriam
327 1808 542 1890 miseritatem
563 1821 755 1890 nabarama
778 1817 922 1888 sciolis
912 1836 1038 1891 intrusa
1061 1848 1147 1908 esse,

142 1939 175 1991 et
208 1923 343 1993 omnino
379 1925 496 1994 abesse
530 1925 666 2010 debere,
700 1923 817 1993 abesse
852 1940 961 1993 autem
995 1950 1015 1994 a
1043 1927 1144 1997 tribus

141 2026 237 2098 codd.
282 2028 383 2098 Both.
392 2032 540 2123 fortuna
560 2040 681 2122 negant
701 2029 855 2098 mtbemm
876 2054 950 2099 esse
970 2030 1079 2100 ullum.
1179 2091 1184 2098 ,

228 2131 291 2204 Vs.
313 2144 345 2209 8.
364 2133 490 2204 hiatum
512 2132 611 2202 babet
632 2133 668 2203 in
690 2133 840 2204 diaeresi.
886 2132 939 2203 Cf.
961 2133 1000 2203 fn
1026 2143 1079 2210 15.

228 2235 291 2308 Vs.
312 2249 345 2314 8.
368 2248 400 2314 9.
427 2238 536 2332 regum·
560 2250 740 2309 autumaret.
785 2239 832 2308 Id
850 2239 978 2334 magis]
1006 2241 1088 2335 regi.
1110 2241 1149 2312 id

140 2341 247 2436 magi:
271 2342 379 2427 Grut,
401 2343 482 2413 nibil
503 2367 654 2439 monens.
678 2340 814 2412 Oxonn.
836 2342 877 2411 A.
895 2341 936 2416 G.
954 2343 995 2413 L.
1018 2329 1053 2448 'i‘
1074 2346 1149 2441 regi

140 2457 311 2525 autumant
342 2449 381 2518 td
412 2448 473 2540 (L.
507 2448 623 2541 aitque)
656 2445 774 2539 mageis.
839 2446 1020 2518 Lambinus
1056 2449 1146 2520 dedit

141 2552 251 2621 omm'a
272 2564 438 2634 autument
458 2553 538 2648 regi.
574 2553 621 2621 Id
639 2550 746 2646 magis
770 2550 942 2620 aerisr'au'le
955 2576 1029 2623 esse
1043 2553 1145 2624 aiunt.

140 2655 242 2725 Both.
265 2656 361 2726 etiam
384 2658 505 2752 recepit
524 2668 704 2731 autumant.
749 2653 869 2724 Addit:
909 2653 1013 2740 „Non
1042 2656 1145 2754 lique·

140 2760 203 2828 seit
222 2759 384 2855 regirvel
406 2764 509 2831 scribe
531 2761 635 2854 regid.
681 2757 779 2829 Certe
802 2761 897 2855 nobis
922 2788 961 2830 ex
982 2761 1143 2834 vocabulo

139 2864 236 2959 aegid
255 2882 363 2935 ortum
392 2866 518 2936 videtur
542 2864 618 2958 regi
636 2864 685 2945 td,
713 2863 852 2934 librariis
880 2890 977 2936 usum
1006 2868 1032 2936 d
1056 2866 1142 2937 illius

140 2968 350 3066 epheleystici
371 2969 633 3064 ignorantibus.“

227 3074 291 3146 Vs.
312 3084 345 3151 9.
390 3075 502 3169 Magis
527 3076 596 3144 aeri
615 3075 722 3145 sr'urile
742 3097 816 3144 essa
838 3090 933 3156 usus]
961 3074 1075 3168 Vulgo
1097 3074 1142 3145 le-

139 3179 225 3273 gitur
247 3180 327 3273 (id)
356 3179 462 3272 magis
486 3180 659 3249 verisimile
686 3178 778 3247 aiunt
800 3181 890 3270 quod
916 3203 1012 3258 usus:
1041 3179 1091 3248 M.
1114 3205 1142 3251 a.

137 3308 212 3353 esse
245 3285 338 3353 aiunt
369 3286 458 3378 quod
488 3309 564 3353 usus
594 3284 680 3353 Oxx.
715 3284 757 3353 A.
785 3280 828 3351 G.
854 3281 894 3350 L.
925 3281 967 3350 R.
1030 3340 1038 3351 .
1068 3309 1142 3354 cum

136 3387 255 3458 Lamb.
284 3390 388 3483 Mage
420 3388 489 3459 aeri
515 3389 623 3459 sinrile
649 3389 741 3460 atur:
767 3388 857 3482 quad
883 3410 960 3456 usus
973 3387 1142 3485 anthius,

139 3493 196 3589 qui
217 3518 330 3563 versus
354 3510 418 3564 tres
440 3510 626 3590 postremos
647 3493 803 3563 iambicos
826 3506 898 3560 tetr.
917 3492 1041 3562 acatall.
1057 3492 1140 3562 arbi·

137 3614 251 3670 tratur.
293 3597 376 3683 „Ad
403 3611 548 3683 unum,“
573 3596 692 3694 inquit,
721 3596 831 3682 „haee
860 3594 970 3665 omnia
992 3614 1140 3682 metrum,

137 3702 206 3773 sive
228 3703 419 3794 iambicum,
444 3705 511 3775 sive
535 3702 750 3786 trochaicum,
778 3699 890 3770 referri
912 3701 962 3770 vix
985 3718 1156 3796 possuntt.

136 3835 244 3905 neque
266 3808 302 3878 id
323 3809 392 3878 fieri
414 3834 497 3905 opus
522 3826 581 3879 est.
588 3822 608 3854 “
653 3805 757 3898 Quod
783 3831 832 3876 vs.
853 3814 885 3880 8.
914 3804 1062 3875 dedimus
1089 3829 1140 3873 ra·

132 3913 222 4007 gabr,
256 3929 289 3983 et
321 3936 369 3983 vs.
391 3920 423 3991 9.
455 3932 588 4012 recepto
622 3937 695 3985 esse
724 3909 893 3982 omisimus
925 3909 1016 3980 aiunt
1043 3911 1141 4003 quad,

136 4017 308 4093 Boeckbio
332 4018 478 4091 debetur.
777 4129 802 4203 Ἰ
825 4123 845 4165 ᾳ
