2566 4432
536 306 539 312 .
591 300 640 377 35
677 299 680 306 .

513 473 727 579 ‘Eatemplo
754 479 928 580 Aegisthi
938 481 1061 582 fidem

192 585 480 693 'Nuncupontes
505 592 725 668 concubant
744 597 934 695 populum
957 639 1006 652 —

27 920 29 927 Ι
108 823 346 924 suspicatur,
379 848 467 899 eam
499 823 745 902 continuisse
771 825 922 903 Orestis
947 842 1051 924 gesta
1076 828 1118 904 in

110 937 243 1026 exilio,
277 963 359 1039 quo
392 939 557 1038 punitus
589 940 638 1015 sit
672 939 883 1041 parricida3
916 940 1034 1019 altera
1068 942 1120 1019 de

108 1053 267 1128 Pacuvii
301 1054 531 1141 Duloreste,
570 1079 708 1155 quam,
746 1080 840 1154 cum
875 1074 978 1155 quae
1010 1079 1120 1132 nunc

108 1165 265 1244 laudata
289 1167 553 1269 reperiamus,
578 1170 639 1244 vix
665 1167 788 1245 unius
809 1169 942 1268 operis
965 1171 1120 1247 ambitu

95 1281 400 1382 ¹comprehendi
419 1306 536 1383 posse
555 1282 775 1369 videantur,
795 1282 918 1357 totius
934 1275 1120 1390 ’Operm‘-
1232 1347 1235 1357 .

107 1381 168 1484 loc
193 1397 283 1495 (sic)
311 1411 348 1474 et
371 1397 601 1499 Iphigeniae
633 1396 754 1471 simul
782 1396 988 1490 Tauricae
1005 1421 1119 1496 argu-

106 1525 240 1586 menta
251 1511 668 1610 attingerearbitratur.
690 1515 822 1605 Quare
830 1512 1119 1618 praeterll'ulo-

105 1639 252 1700 restem
270 1627 387 1701 etiam
408 1629 591 1702 Orestem
618 1639 657 1700 et
680 1623 847 1698 fortasse
868 1624 1119 1723 Iphigeniam

108 1738 320 1814 Tauricam
359 1737 561 1837 scripsisse
601 1736 718 1812 illurn
762 1749 891 1837 putat,
945 1728 1118 1839 quarum

106 1850 337 1927 fabularum
363 1848 581 1947 fragmenta
606 1849 900 1950 descriptorum
919 1853 1119 1951 negligen-

107 1966 162 2039 tia
198 1965 283 2039 sint
309 1961 484 2038 confusa.
550 1964 681 2039 Tertia
714 1963 1119 2057 Bothiiconiectura,

110 2103 232 2180 quam
261 2079 387 2180 priori
420 2078 478 2153 illi
512 2078 569 2154 de¹
586 2079 706 2154 Ennii
732 2077 944 2156 Duloreste
978 2080 1119 2157 adiun-

106 2194 169 2282 xit,
194 2193 365 2294 pertinet
391 2194 440 2269 ad
466 2216 618 2268 nomen
636 2189 793 2269 fabulae
812 2193 1101 2295 explicandum.

205 2310 261 2384 Ac
288 2306 338 2383 de
362 2307 493 2408 prima
517 2307 711 2407 tertiaque
737 2309 968 2396 sententiae,
994 2304 1118 2411 quam

104 2423 273 2500 Bothius
298 2421 474 2523 protulit,
500 2435 620 2523 parte·
635 2445 721 2496 non
749 2435 805 2496 est
832 2421 943 2522 quod
968 2421 1117 2520 iterum

106 2537 373 2640 disputemus,
407 2561 500 2613 cum
525 2535 645 2612 Ennii
674 2535 930 2611 Dulorestem
958 2536 1117 2613 nullum

106 2677 189 2728 esse
219 2651 301 2728 iam
334 2676 454 2752 supra
488 2649 799 2740 ostenderimus,
833 2664 871 2726 et
901 2649 1009 2724 illam
1043 2676 1116 2743 no-

103 2765 226 2840 minis
259 2766 562 2867 explicationem
601 2764 844 2861 sagaciorem
877 2788 960 2840 esse
993 2789 1116 2865 quam

104 2881 302 2956 veriorem
327 2878 440 2955 facile
465 2876 695 2953 viderimus,
739 2877 817 2954 Sed
839 2872 1008 2954 ne'illud
1028 2881 1116 2981 qui-

104 2996 199 3072 dem
225 2994 277 3070 de
292 2993 457 3091 vtrilogia
478 2992 653 3080 Orestia,
669 2989 719 3067 ad
746 2991 1115 3095 quamxfragmenta

104 3110 178 3185 sub
204 3108 373 3184 nomine
397 3105 619 3181 Dulorestis
653 3130 673 3180 a
706 3106 821 3181 variis
853 3107 1113 3208 scriptoribus

16 3255 23 3265 ’
104 3237 252 3301 servata
277 3219 485 3296 referenda
511 3228 595 3296 esse
621 3219 807 3306 coniecit,
837 3242 888 3294 ne
920 3221 999 3296 hoc
1026 3223 1113 3322 qui·

104 3339 220 3426 dem,
246 3337 433 3438 inquam,
465 3336 567 3410 mihi
598 3334 790 3436 probavit.
848 3333 970 3410 Nullo
988 3336 1112 3437 ¹enirn

102 3452 202 3529 haec
228 3450 367 3552 opinio
393 3450 534 3526 nititur
556 3449 725 3536 indicio,
760 3461 798 3524 et
829 3473 850 3523 a
875 3449 961 3525 viro
989 3450 1110 3528 docto

103 3567 189 3643 sine
216 3565 341 3642 dnbio
370 3590 457 3641 eam
488 3577 644 3640 tantum
676 3563 731 3637 ob
765 3587 924 3638 causam
958 3566 1111 3666 excogi-

102 3695 181 3757 tata
220 3667 293 3767 est,
336 3679 449 3781 quod
487 3676 702 3753 nesciebat
720 3676 856 3753 omnia
891 3675 1109 3777 fragmenta

10 3855 11 3858 ,
101 3796 174 3871 uni
201 3794 333 3896 aptare
358 3806 603 3896 argumento,
630 3817 722 3867 curn
741 3792 947 3868 vinculum
971 3795 1108 3870 omnia

102 3909 211 3987 velut
236 3921 478 3986 connectens
502 3928 587 3986 non
611 3904 809 4007 reperiret.

801 4020 860 4095 3*
916 4017 926 4068 '-
