2566 4432
601 277 676 352 107·
707 264 710 272 ¹

135 446 311 541 Aegisthus
339 457 398 540 est.
443 445 542 516 Unde
571 462 667 516 enata
694 444 812 516 festiva
841 442 1026 518 emendatio
1049 447 1135 518 Scri·

136 549 229 634 verli,
268 552 487 646 septenarium
521 552 713 629 exstruentis
750 534 933 621 eiusmodi:
953 553 1137 646 Aegistho,

135 657 260 748 quite,
282 655 403 724 nisitu
423 657 582 735 illumo„
607 656 628 726 l.
650 656 752 725 dobt't.
796 655 879 740 Vel,
901 656 989 725 iuxta
1009 657 1137 726 Iuniani

138 760 278 850 codicis,
302 760 339 841 [i.
364 787 390 833 e.
416 762 508 843 edit]
532 759 738 855 scripturam,
766 761 801 830 in
824 787 889 857 quo
913 785 991 856 pro:
1013 761 1043 830 is
1066 761 1138 855 quis

134 876 185 934 cst
206 865 338 959 legitur:
372 864 509 960 Ulysses
531 876 592 950 cst,
614 891 674 960 pro
696 865 854 961 Aegisthi
875 864 980 936 scribe
1010 865 1138 961 Ulysse.

135 967 202 1038 Sed
226 969 361 1039 alterum
382 983 563 1064 praestat.“
606 968 754 1063 Delrius:
784 971 853 1062 Qui
870 982 931 1049 te.
949 968 988 1038 m'
1004 981 1041 1038 tu
1060 970 1083 1040 i.
1107 994 1138 1040 ο.

135 1075 222 1144 letho
260 1072 362 1142 dubit.
415 1073 507 1142 Idem
527 1122 528 1126 =
545 1073 580 1142 in
617 1071 766 1167 Opinatt.
802 1074 907 1145 addit:
945 1071 1138 1158 „Fortassis

134 1178 311 1272 Aegisthus
333 1189 398 1262 est,
428 1178 487 1271 qui
510 1174 599 1248 etc.‘-‘
642 1177 783 1248 Bothius
806 1177 933 1252 Vossio
963 1179 1139 1248 obsecutus

137 1298 201 1367 est,
237 1299 273 1352 ut
299 1308 363 1353 nos
399 1280 547 1352 lecimus.
608 1279 693 1353 Nam
723 1281 819 1351 tenisi
847 1281 882 1351 iu
910 1283 1018 1350 tuncsi
1044 1282 1140 1352 facile

135 1387 242 1481 potuit
261 1389 389 1457 mutari.
435 1387 546 1456 Dabis
576 1412 633 1456 cur
661 1387 848 1535 scripserint
872 1412 935 1481 pro
968 1386 1114 1470 dabit,
1104 1412 1140 1455 ιιι

137 1491 247 1587 aprico
272 1510 330 1562 cst.

225 1597 341 1668 Verba
362 1612 439 1666 sunt
458 1595 688 1689 interrogantis
720 1611 751 1664 et
771 1596 1017 1687 respondentis,
1046 1595 1141 1664 mihi-

109 1765 114 1772 ,
138 1727 202 1798 que
226 1702 269 1772 ad
285 1701 477 1770 Thoantem
497 1699 616 1766 iratum
637 1698 755 1793 priora,
780 1697 822 1765 ad
844 1697 998 1790 iuvenum
1022 1700 1141 1768 alteru·

136 1823 222 1876 uum
237 1808 415 1875 irruentem
428 1801 610 1897 posteriora
622 1800 794 1872 referenda
810 1801 970 1872 videntur.
991 1802 1143 1897 Aegisthi·
1174 1875 1176 1879 ,

138 1911 327 2006 ct‘Ulyssis
354 1908 489 1978 nomina
517 1904 628 1977 inania
655 1922 731 1974 suut
759 1907 890 1976 somnia
924 1935 1050 1995 eorum,
1086 1911 1144 2007 qui

136 2014 275 2112 plurima
301 2015 335 2083 in
358 2013 535 2082 Duloreste·
564 2010 688 2078 narrari
716 2038 785 2081 non
813 2011 1048 2106 intelligentes,
1077 2013 1142 2102 lra-

137 2136 269 2214 gmenta
290 2118 367 2189 inde
390 2132 519 2189 servata
538 2133 600 2211 'per
627 2130 730 2187 totam
751 2117 941 2187 Atridarum
970 2117 1142 2189 historiam

138 2225 343 2294 distribuunt.

304 2481 317 2624 η’
343 2518 475 2592 XXIX.
525 2514 663 2614 (Both.
693 2513 829 2591 Dulor.
856 2517 937 2611 15.)

228 2699 357 2769 Nonius
384 2724 418 2793 p.
439 2707 493 2773 38.
521 2697 642 2766 Mero:
671 2695 894 2783 „Eliminare,
925 2688 1013 2768 erma
1042 2685 1145 2768 limen¹

139 2805 271 2875 eiicere:
300 2803 463 2872 Pacuvius
486 2801 678 2872 Duloreste:
731 2801 799 2871 Ubi
816 2801 884 2871 illic
906 2805 981 2871 est?
1009 2827 1063 2871 me
1083 2802 1143 2873 mi-

137 2935 264 2990 serum3
292 2932 434 3002 quonam
460 2907 548 2976 clam
575 2905 663 2976 elom
691 2905 859 2975 eliminat?
880 2950 925 2962 -
950 2949 995 2962 -
1022 2907 1144 2978 Accius

138 3014 329 3107 Meleagro:
352 3011 484 3081 Timidc
508 3010 658 3081 eliminor
680 3011 838 3095 clamore,
865 3011 960 3081 simul
982 3030 1061 3084 nota
1082 3040 1145 3084 vox
1253 3002 1255 3009 ’

140 3121 183 3190 ad
206 3145 301 3189 aures
325 3115 478 3195 accidit.“

227 3226 373 3317 Idemp.
389 3230 465 3295 292.
482 3221 601 3291 Merca
623 3220 834 3306 „Elimiuore
857 3237 908 3290 est
923 3222 1019 3291 exire.
1042 3264 1083 3276 -
1100 3265 1146 3277 -

141 3328 321 3399 Eliminare
343 3350 473 3394 rursum
496 3325 676 3396 excludere.
710 3326 875 3395 Pacuvius
898 3325 1074 3396 Duloreste
1100 3326 1146 3408 [ιίι

140 3434 304 3504 duloreste
332 3432 420 3525 lens.
448 3430 483 3498 in
508 3430 586 3501 dolo
613 3431 690 3501 Par.
737 3430 789 3501 Cf.
818 3432 860 3501 ad
886 3429 925 3501 fr.
949 3440 1040 3512 tea:
1083 3429 1150 3499 Ubi

141 3538 197 3606 ille
234 3539 308 3605 est?
344 3532 397 3605 me
433 3535 606 3618 mz‘seram,
641 3537 794 3629 quoniam
832 3537 959 3606 clamor
991 3535 1147 3606 eluminat.

140 3642 346 3738 Pomponius
382 3638 536 3712 Concha.
574 3637 650 3710 Vos
683 3640 758 3711 istic
789 3658 936 3727 manete,
972 3641 1174 3712 eliminabo.

145 3764 234 3818 extra
256 3745 346 3816 aedis
371 3746 554 3861 coniugem.
560 3757 580 3790 ‘⁶

232 3887 304 3968 ille]
329 3883 385 3955 Sic
400 3886 579 3980 posteriore
595 3884 670 3956 loco
690 3892 744 3981 (p.
761 3894 858 3976 292.)
883 3910 1015 3972 omnes;
1037 3884 1146 3980 priore

145 3993 222 4068 item
245 4017 360 4063 omncs
382 3991 459 4062 illic.
1192 3993 1197 4011 ¹
