2566 4432
646 305 694 381 67

165 475 277 581 quod
305 478 475 566 Orestes,
500 479 651 580 precari
677 503 763 556 non
787 492 928 581 potest,
952 492 998 555 ut
1023 479 1174 557 amicus

164 618 302 669 secum
328 593 523 693 supplicio
551 591 760 680 efficiatum
787 593 852 669 hic
878 592 998 691 igitur
1021 595 1173 683 „exitus

165 709 214 784 ah
231 721 407 807 utroque
426 706 543 783 datur
561 709 798 784 conturbato
818 707 1045 809 errantique
1060 710 1175 806 regi.“

163 827 202 899 Is
226 836 361 898 tamen
400 822 607 897 etiamtum
638 848 782 923 anceps
814 822 969 898 consilii
999 822 1173 900 haesitat

162 941 248 1015 Iam
276 961 369 1012 vero
395 936 672 1036 Iphigenia-
703 963 807 1039 quae
839 937 1051 1038 hucusque
1083 949 1173 1013 ante

163 1049 271 1127 fores
296 1050 435 1151 templi
462 1049 656 1126 adstitisse
682 1052 876 1128 censenda
908 1065 966 1127 est
999 1065 1037 1127 et
1061 1051 1192 1127 anxia.

135 1164 345 1252 tacuisse,
386 1163 486 1240 dum
523 1163 685 1239 fratrem
717 1165 819 1263 regis
852 1189 986 1241 errore
1019 1164 1202 1240 s'alvum¹

163 1277 252 1355 fore
290 1292 419 1380 sperat
450 1318 501 1332 -
536 1277 608 1353 ubi
641 1277 758 1354 instat
790 1279 1014 1380 periculum
1053 1278 1173 1353 etiam
1242 1295 1248 1300 ’

163 1392 328 1470 fratrem
353 1391 742 1479 amittendi,·subito
775 1407 900 1468 erecta
929 1393 970 1466 in
998 1391 1173 1467 deorum

163 1507 410 1605 voluntatem
427 1504 594 1595 fiducia,
620 1511 844 1600 [oraculum
860 1507 1086 1609 Apolline}
1111 1506 1173 1581 in-

165 1623 266 1725 quit,

591 1808 740 1864 XXXIII.

163 1931 256 2007 Νόη
292 1943 379 2005 vetet
415 1925 590 2004 animum
621 1924 855 2026 aegritudzhe
883 1929 926 2002 z'n
956 1955 995 2003 re
1025 1955 1172 2028 crepera

862 2040 1024 2143 confici?

163 2215 302 2313 Itaque
328 2210 378 2286 ad
405 2211 632 2286 Thoantem
658 2208 822 2297 accedit,
853 2232 938 2283 non
969 2223 1052 2285 tam
1078 2235 1172 2313 sup·

164 2324 253 2426 plex
285 2350 406 2426 quam
437 2322 640 2421 religionis
672 2323 902 2398 auctoritate
933 2322 1049 2398 illum
1081 2350 1171 2425 per-

163 2452 341 2525 motura,
366 2453 520 2513 utnon
546 2438 680 2513 solum
706 2434 853 2521 Oresti,
884 2434 996 2510 iussu
1020 2438 1171 2537 Apolli-

164 2552 228 2626 nis
253 2550 332 2627 huc
357 2550 555 2653 profecto,
588 2565 736 2653 parcat,
770 2573 870 2624 neve
902 2550 1052 2624 amicos
1078 2550 1171 2626 alte·

163 2690 257 2743 rum
284 2665 441 2742 alterius
468 2665 758 2742 consuetudine
782 2664 924 2765 privet:
954 2664 1025 2740 sed
1052 2665 1172 2741 etiam

163 2774 312 2856 Dianae
343 2779 619 2868 simulacrum,
657 2777 829 2856 deorum
862 2778 1021 2854 numini
1055 2780 1171 2856 ohse-

165 2920 302 2997 quenS,
321 2893 464 2970 abduci
483 2895 663 2995 patiatur.
700 2897 757 2969 Ex
774 2891 852 2968 hoc
870 2917 964 2970 cum
984 2893 1170 2971 Thoante

164 3009 370 3111 colloquio
397 3021 610 3110 supersunt
634 3005 854 3109 sequentia:

594 3196 738 3252 XXXIV.

162 3355 213 3372 -
236 3317 418 3393 Prainum
447 3317 520 3392 tac
551 3313 620 3392 abs
649 3330 685 3392 te
717 3343 801 3402 orn,
838 3316 965 3388 minus
991 3312 1167 3389 rhenoni-

862 3425 974 3502 bilem

162 3543 305 3631 Fctxis,
331 3545 377 3620 ni
396 3544 579 3644 turpcissr's
607 3541 822 3618 vanitudine
845 3548 1007 3617 aetatem
1031 3557 1150 3618 tuam.

162 3710 397 3815 Respondet
421 3712 571 3794 Thoas:

599 3899 725 3954 XXXV.

163 4011 254 4138 'Oro
279 4022 339 4097 mi
358 4048 406 4098 ne
418 4021 555 4126 flectas
568 4019 697 4122 sandi
710 4021 768 4093 mi
783 4018 1108 4120 prolhitztdinem.
1121 4052 1172 4109 ε*

876 4137 936 4209 5*
