2566 4432
282 448 400 528 Haud
425 448 547 551 paulo
573 449 741 528 meliora
771 450 899 527 attulit
922 451 1090 528 Nuelu'us
1119 454 1193 550 ⁸¹),

188 569 258 671 qui
282 565 461 644 refutatis
486 564 668 667 priorum
687 565 959 667 opinionibus,
982 589 1193 665 argumen-

185 697 276 760 tum
300 680 523 757 Dulorestis
551 680 633 756 boc
664 680 786 757 fuisse
817 681 964 757 statuit:
1013 681 1100 769 „Ad
1131 680 1195 755 lit-

185 813 274 875 tora
316 795 525 873 Tauricae¹
548 808 688 885 terrae,
730 798 880 872 Dianae
922 796 1194 881 simulacrum,

184 913 298 989 iussu
313 909 519 1012 Apollinis,
544 911 818 1000 abstracturus,
840 924 1074 1012 pervenerat
1099 934 1195 984 cum

184 1024 332 1126 Pylade
358 1028 549 1119 Orestes⁸¹
578 1027 658 1103 Sed
683 1025 934 1124 naufragium
958 1024 1061 1112 facit,
1091 1025 1195 1125 capi-

185 1156 267 1228 tur,
292 1139 523 1226 consilium,
550 1163 633 1239 quo
660 1140 826 1228 venerit,
856 1139 968 1226 celat;
1000 1165 1083 1241 quo
1109 1163 1194 1215 me-

181 1257 264 1334 lius
289 1254 405 1331 lateat
431 1268 468 1329 et
493 1278 600 1329 aram
629 1255 851 1342 evitaturus,
876 1255 919 1328 in
946 1279 1023 1355 qua
1044 1253 1194 1342 Graeci,

184 1385 282 1448 teste
306 1366 517 1466 Euripide,
549 1394 582 1440 v.
608 1372 667 1443 39.
703 1373 760 1445 72.
786 1372 868 1444 2117.
893 1373 977 1443 259.
1001 1372 1084 1445 338.
1109 1371 1208 1455 347οἵ

184 1488 275 1561 585:
300 1481 634 1568 immolabantur,
649 1481 778 1555 servili
805 1480 1037 1558 conditione
1060 1482 1205 1557 homi?

184 1624 296 1687 nem,
321 1621 407 1672 non
435 1600 633 1672 Graecum
660 1595 824 1692 origine,
848 1619 889 1670 se
916 1620 999 1671 esse
1024 1597 1194 1673 simulat

187 1714 253 1791 Sic
276 1710 454 1788 mendici
479 1711 601 1786 victu:
632 1735 725 1786 nam
752 1709 873 1785 vitam
904 1725 1193 1787 concesserant:

183 1829 283 1905 vivit
322 1828 426 1903 inter
462 1825 663 1901 barbaros.
728 1828 839 1912 Mox,
878 1826 1007 1927 agnita
1036 1850 1193 1910 sorore,

185 1968 316 2045 quum
344 1939 394 2016 de
426 1937 519 2036 fuga
551 1953 590 2015 et
620 1938 671 2014 de
703 1937 922 2015 auferendo
956 1939 1053 2016 deae
1078 1939 1193 2037 signo

187 2057 351 2134 consilia
389 2051 603 2148 agitabant,
644 2051 880 2153 deprehensi
912 2068 1005 2130 sunt
1030 2055 1194 2130 Orestes

186 2184 226 2247 et
247 2164 415 2265 Pylades
441 2178 480 2238 et
504 2163 555 2239 ad
584 2189 719 2263 regem
752 2167 929 2243 adducti:
962 2167 1031 2269 qui
1064 2193 1194 2268 quum

185 2282 422 2359 alterutrum
449 2280 633 2355 Orestem
659 2305 742 2356 esse
768 2283 899 2372 sciret,
926 2281 997 2358 sed
1021 2296 1110 2358 uter
1136 2307 1193 2358 es-

186 2410 254 2485 set,
281 2395 517 2496 anquireret,
543 2407 588 2469 ut
611 2394 684 2494 qui
711 2396 895 2471 Orestem
919 2411 1075 2473 tantum
1101 2423 1193 2498 sup-

185 2509 307 2612 plicio
344 2507 517 2595 afficere,
559 2508 695 2604 Pyladi
729 2535 896 2609 ‚parcere
932 2511 1063 2600 vellet,
1104 2528 1193 2588 tum

187 2622 289 2700 illud
328 2621 663 2723 consequebatur,
704 2624 817 2724 quod
848 2625 1013 2726 quoties
1043 2641 1192 2723 agatur,

187 2738 304 2814 toties
337 2760 423 2811 non
457 2735 603 2811 solum
634 2733 683 2811 ad
722 2736 885 2813 laudem
918 2753 957 2813 et
988 2739 1038 2814 ad
1071 2739 1194 2818 decus

186 2865 303 2928 natos
324 2850 610 2950 institutosque
633 2852 902 2939 commoveri,
922 2851 998 2927 sed
1024 2867 1106 2930 tota
1132 2881 1193 2931 ca·

185 2992 257 3043 vea
279 2964 475 3053 clamores
500 2963 607 3061 vulgi
639 2978 756 3065 atque
787 2967 1069 3067 imperitorum
1096 2970 1193 3044 exci-

186 3080 259 3158 tari
284 3078 419 3155 scribit
444 3077 624 3153 Cicero.“
663 3080 714 3154 Et
731 3078 899 3155 deinde:
927 3087 1095 3176 „Quam
1120 3108 1193 3184 po-

104 3223 107 3227 ·
186 3209 267 3271 stea
293 3193 545 3269 occasionem
570 3192 673 3267 nacti
700 3217 792 3269 cum
809 3195 1013 3296 Iphigenia
1032 3195 1192 3295 aufuge-

185 3311 267 3399 rint
298 3311 457 3385 Orestes
491 3320 527 3381 et
547 3305 732 3404 Pylades,
767 3309 896 3384 ablato
927 3312 1034 3386 Deae
1067 3311 1192 3410 signo,

184 3447 272 3501 non
316 3447 401 3498 uno
444 3419 572 3496 modo
618 3445 800 3498 enarrare
833 3424 1009 3500 Pacuvio
1047 3424 1194 3502 licuit.“

188 3539 403 3636 Speramus
423 3548 571 3622 tamen,
597 3524 800 3636 aliquanto
820 3537 944 3639 phara,
968 3539 1072 3613 etin
1090 3564 1193 3618 non-

185 3649 306 3726 nullis
329 3649 451 3724 rebus
474 3649 647 3737 veriora,
678 3675 725 3726 ex
755 3651 850 3751 ipsis
879 3650 1112 3750 fragmentis
1138 3669 1192 3732 at·

185 3776 293 3840 tente
318 3761 574 3839 consideratis
600 3763 684 3840 elici
707 3788 838 3870 possa

264 4009 323 4090 ar)
364 4010 383 4073 1.
403 4010 424 4072 ι.
443 4032 473 4093 p.
494 4010 544 4070 vt
