2566 4432
693 249 743 322 60

216 423 407 518 Queritur
429 419 594 523 insuper
618 422 794 509 Orestes,
820 420 1024 499 accessisse
1050 418 1219 522 quidem

215 562 257 612 se
283 536 333 612 ad
357 537 439 612 vim
463 550 646 637 paratum
672 561 766 612 cum
790 534 936 634 Pylade
963 535 1128 636 aliisque
1154 560 1220 613 co-

214 651 396 745 mitibus;
438 650 508 726 sed
545 664 777 753 tempestate
808 651 971 726 alteram
1001 650 1136 725 navim
1171 651 1219 727 ab

215 767 335 843 altera
352 765 555 840 disiectam
582 791 674 842 esse.
716 769 818 840 Nam
840 762 939 840 duas
957 786 1075 839 naves
1099 763 1221 865 fuisse

214 896 261 958 ut
285 895 512 966 statuamus,
537 880 712 981 postulat
735 877 818 955 fere
834 879 934 955 illud
953 875 1220 976 naufragium3

215 1021 260 1072 ea
287 995 397 1072 enim
422 993 546 1082 navis,
572 995 613 1069 in
641 1020 719 1095 qua
746 995 905 1071 Orestes
930 992 1067 1082 fuerat,
1094 995 1220 1094 perie-

214 1111 266 1185 rit
282 1133 440 1186 necesse
466 1121 537 1194 est;
561 1107 751 1205 Pyladem
768 1122 901 1184 tamen
920 1112 1117 1183 armatum
1137 1134 1221 1185 eva-

215 1225 310 1300 sisse
336 1235 502 1308 constat3
540 1221 609 1323 qui
636 1222 712 1298 nisi
737 1223 872 1298 navim
898 1222 1129 1298 etiamtum
1155 1224 1222 1300 ha-

213 1338 282 1413 bet
307 1352 425 1438 atque
451 1334 551 1412 adeo
578 1336 719 1423 socios,
751 1360 835 1412 non
860 1348 992 1436 potest
1017 1335 1067 1413 de
1093 1339 1221 1418 amico

214 1448 423 1526 liberando
445 1464 484 1525 et
507 1448 750 1550 perficienda
774 1448 867 1546 fuga
887 1450 1067 1548 cogitare.
1112 1457 1222 1550 Quae

215 1565 248 1639 si
292 1564 429 1639 minus
465 1561 639 1664 placent,
685 1563 802 1639 aliam
839 1589 987 1665 quaeso
1025 1565 1222 1644 rationem

216 1677 537 1765 comminiscere,
581 1676 625 1752 in
664 1703 787 1779 quam
825 1679 962 1754 omnia
1004 1678 1222 1778 fragmenta

213 1795 288 1870 rite
326 1788 531 1895 quadrent.
580 1792 772 1892 Desperat
804 1791 927 1890 igitur
961 1796 1139 1870 Orestes:
1173 1820 1222 1872 nc

216 1932 329 2009 spem
363 1905 530 2009 quideui
562 1931 785 2007 superesse,
820 1930 1002 2008 unquam
1036 1907 1144 1999 fore,
1179 1924 1223 1986 ut

217 2012 407 2121 aufugere
445 2019 608 2121 possint.
664 2025 766 2097 Ecce
803 2020 969 2117 Pylades
1007 2022 1118 2100 solus
1157 2024 1222 2102 ad-

214 2137 338 2223 venit,
377 2133 506 2209 servili
538 2131 703 2210 fortasse
736 2135 876 2211 habitu
908 2149 1025 2212 utens
1056 2152 1095 2214 et
1130 2139 1222 2240 ipse,

216 2248 318 2325 clam
345 2262 449 2324 certe
475 2246 648 2337 advenit;
673 2264 720 2326 ut
745 2249 931 2326 ordinem
948 2275 1085 2327 rerum
1102 2269 1223 2351 gesta·

214 2390 308 2441 rum
343 2361 392 2440 ab
426 2360 619 2463 Euripide
650 2363 893 2451 institutum,
928 2389 1010 2465 quo
1043 2367 1223 2467 primum

215 2480 409 2570 latentes,¹
437 2478 528 2552 dein
562 2477 662 2578 capti
694 2478 898 2579 prodeunt
930 2479 1064 2569 amici,
1101 2488 1235 2562 Pacu.

214 2595 304 2670 vius
331 2591 639 2695 quodammodo
665 2592 883 2680 inverterit,
915 2595 976 2669 vel
1005 2597 1141 2696 potius
1165 2600 1224 2675 in-

215 2723 276 2786 ter
299 2722 519 2808 utrumque
543 2707 710 2808 partitus
740 2708 798 2782 sit
848 2708 1013 2806 Pylades
1044 2711 1224 2787 consola-

215 2837 283 2899 tur
307 2825 506 2909 Orestem,
539 2845 654 2896 suam
685 2816 819 2896 navim
852 2823 998 2898 salvam
1033 2848 1126 2901 esse.
1171 2828 1225 2903 At

217 2936 437 3036 quominus
476 2934 607 3009 statim
650 2934 863 3012 simulacro
906 2952 1090 3039 correpto
1130 2966 1224 3016 cum

215 3050 420 3151 Iphigenia
441 3038 667 3137 discedant,
681 3048 818 3139 obstat,
844 3050 958 3153 quod
977 3054 1097 3129 armis
1115 3079 1224 3130 nunc

217 3165 383 3266 quidem
402 3177 545 3251 carent,
569 3162 612 3237 in
634 3163 788 3266 templo
808 3190 901 3243 vero
919 3165 1105 3243 custodes
1122 3183 1224 3245 sunt

217 3279 416 3357 Convenit
439 3270 560 3376 igitur
583 3277 687 3353 inter
713 3303 792 3368 eos,
816 3293 863 3356 ut
888 3280 1029 3357 eadem
1048 3281 1119 3370 via,
1146 3308 1226 3384 qua

216 3392 352 3490 Pyladi
378 3393 498 3469 latere
524 3392 704 3490 contigit,
730 3394 779 3470 ad
806 3394 939 3470 navim
964 3394 1138 3483 redeant,
1167 3423 1226 3473 ar-

207 3507 314 3584 'mati
339 3520 585 3583 revertantur
610 3532 703 3582 cum
724 3508 850 3596 sociis,
876 3508 1081 3610 Iphigenia
1105 3510 1225 3597 inter-

142 3662 144 3667 ·
218 3643 262 3693 ca
301 3621 498 3720 templum
540 3618 798 3718 ingrediatur,
845 3622 983 3701 Choro
1022 3625 1226 3702 silentium

216 3733 491 3839 promittente.
533 3739 639 3810 Haec
674 3737 810 3811 omnia
843 3737 1081 3814 testimoniis
1110 3764 1226 3815 ¹com-

217 3845 378 3948 probari
405 3862 628 3950 nequeunt;
660 3849 731 3924 sed
764 3850 826 3923 vix
849 3865 1082 3952 poteramus
1114 3853 1226 3929 aliter

217 3974 397 4040 statuere.
445 3969 550 4041 Nam
584 3987 678 4039 cum
708 3962 807 4042 alter
830 3978 986 4044 tantum
1012 3993 1033 4043 a
1058 3967 1226 4067 pastori-
