2566 4432
609 233 659 304 86

134 396 305 469 verborum
334 427 457 495 aequor
485 418 517 471 et
545 401 640 472 ratis.
685 402 862 471 Praeterea
889 426 958 470 uon
988 399 1141 494 exiguum

132 521 284 599 receptae
319 505 496 601 scripturae
529 507 773 577 incommodum
807 506 903 576 situm
938 519 989 575 est
1022 504 1058 573 in
1089 529 1140 590 eo,
1189 520 1192 526 '

134 606 224 704 qnod
245 611 375 701 scopuli
393 637 462 680 non
485 610 593 682 solent
615 637 688 682 esse
710 611 745 680 in
767 612 836 681 ulto
858 634 1010 704 aequore.
1054 608 1141 678 Illud

133 747 211 790 vero
246 723 335 818 quod
375 721 549 820 Scioppius
590 725 778 819 proposuit:
817 711 927 819 αἶγες.
972 721 1140 791 Pacuuius

132 825 333 895 Hermiona:
369 852 523 924 aequore,
559 831 611 900 vix
641 830 792 926 cuiquam
821 825 990 925 probabile
1022 825 1139 911 luerit3

133 931 238 1001 sensit
258 947 367 1002 tamen
389 934 443 1004 ille
467 935 704 1019 difficultatem,
735 959 818 1032 quae
849 948 1015 1028 superest,
1046 931 1075 1002 si
1102 928 1139 1000 li-

131 1036 265 1106 brorum
298 1037 397 1107 fidem
430 1065 585 1139 sequare,
624 1041 776 1110 nimirum
813 1039 1016 1109 desideratur
1047 1035 1140 1121 illud,

124 1141 212 1236 -quid
234 1142 367 1211 tandem
390 1145 543 1238 offuerit,
572 1146 636 1217 boc
666 1163 775 1215 autem
804 1169 902 1213 nemo
932 1141 1029 1211 facile
1061 1141 1139 1210 divi·

133 1248 267 1316 naverit.
311 1246 464 1344 Denique
487 1251 516 1319 si
537 1252 726 1321 Pacuviaua
748 1251 830 1319 haec
858 1264 949 1332 suut,
979 1246 1013 1315 in
1035 1243 1140 1317 Dulo-

133 1369 219 1421 reste
243 1353 353 1420 locum
374 1355 425 1422 vix
447 1357 601 1449 reperias.
646 1355 731 1427 Nam
759 1382 776 1423 e
799 1353 985 1421 narratione
1008 1349 1139 1420 Orestis

134 1455 248 1546 (aliter
271 1457 357 1524 enim
387 1482 455 1526 non
484 1460 622 1529 arbitror
651 1460 750 1530 statui
777 1466 901 1553 posse)
931 1457 972 1527 de
1002 1453 1139 1526 Graecis

134 1557 239 1628 Troia
260 1561 471 1630 redeuntibus
497 1588 535 1632 ea
557 1566 646 1658 ipsa,
672 1581 709 1632 ut
731 1564 858 1632 videtur
886 1560 951 1652 (cf.
979 1586 1061 1657 quae
1086 1587 1139 1630 su-

133 1690 194 1760 pra
223 1665 358 1734 diximus
382 1667 425 1734 ad
447 1667 497 1752 V,
522 1685 554 1738 et
576 1669 661 1758 XI),
692 1685 821 1738 servata
849 1683 940 1750 sunt,
972 1690 1056 1760 quae
1081 1664 1139 1734 do·

135 1789 240 1855 ceant,
262 1773 318 1840 ubi
342 1771 480 1841 classem
503 1774 666 1868 procellae
692 1773 910 1868 disperserint,
933 1771 968 1840 id
992 1787 1060 1839 tum
1084 1771 1139 1840 de·

133 1903 223 1945 mum
246 1876 409 1945 adiectum
430 1877 543 1963 fuisse,
566 1905 640 1947 cum
662 1879 809 1947 interitus
833 1876 965 1944 navium
987 1874 1140 1944 narraba-

134 1996 196 2050 tur.
247 1978 362 2079 Neque
393 1983 520 2066 numeri
549 1983 732 2056 concinunt.
787 1979 919 2050 Etenim
945 1996 1060 2050 nostra
1090 1980 1141 2050 vix

135 2085 205 2154 aliis
230 2110 327 2181 quam
350 2087 565 2180 anapaesticis
590 2086 836 2157 continuaveris
859 2085 943 2179 (nisi
961 2085 1046 2156 sorte
1063 2085 1139 2157 cbo·

133 2189 276 2259 riambos
300 2195 462 2284 statuas):

335 2314 485 2383 Adero'nt
506 2340 645 2410 aequore
666 2316 701 2384 in
723 2314 793 2384 olto
815 2312 939 2383 ratibus

335 2418 537 2516 Repe‘nn'lrus
560 2464 602 2474 -
743 2425 746 2431 ’

136 2540 222 2614 Nam
247 2569 353 2639 neque
376 2541 495 2612 Vossii
516 2544 599 2621 ratio
621 2543 746 2638 placet,
768 2541 1030 2637 transponentis:

267 2736 270 2741 ,
634 2708 680 2724 -
701 2712 745 2722 —
767 2669 907 2736 aderent

224 2772 344 2840 Ferme
365 2771 435 2839 o'lto
457 2771 491 2840 e'n
514 2782 658 2866 aequore
672 2773 799 2844 ratibus
822 2769 1014 2863 repentibus,

137 2937 243 3006 neque
273 2910 431 2994 Bothius,
466 2927 535 2983 tctr.
564 2910 662 2982 iamb.
692 2912 886 2996 effecturus,
914 2909 1050 2980 nardus
1078 2935 1140 3004 pro

100 3036 102 3041 ·
136 3017 263 3085 retibus
286 3014 479 3085 substituere
504 3015 657 3102 debebat,
674 3043 785 3114 „qnae
808 3016 903 3086 facile
910 3028 949 3101 ‚“
973 3015 1034 3099 ait,
1056 3015 1140 3100 „mi-

87 3170 96 3215 .'
138 3133 324 3192 sceantur.“
339 3121 341 3125 ’
357 3117 484 3215 Nempe
506 3121 614 3215 ipsum
634 3122 762 3192 retibus
786 3122 925 3218 explicat
945 3119 1066 3190 Varro.
1096 3119 1142 3191 ,ln

138 3252 219 3297 voce
228 3228 342 3322 ferme
365 3223 452 3292 alind
475 3225 553 3321 quid
574 3224 675 3296 latere
698 3229 865 3323 suspicor;
889 3251 967 3295 nam
984 3223 1044 3294 etsi
1062 3249 1141 3294 con-

137 3331 268 3400 tinuitas
297 3346 507 3425 systematum
534 3332 817 3424 anapaesticorum
846 3357 866 3400 a
894 3330 1003 3400 latinis
1033 3328 1142 3425 politis

138 3439 228 3524 (non
256 3452 382 3504 tantum
412 3432 605 3525 aSeneca)
636 3461 704 3505 non
733 3428 957 3506 ita'accurate
987 3440 1144 3519 servatur,

138 3555 175 3609 ut
197 3539 238 3607 ab
261 3538 350 3607 biatu
374 3540 433 3609 sibi
459 3556 605 3624 caveant,
628 3565 724 3634 aegre
747 3559 857 3611 tamen
880 3541 1064 3610 subiectum
1087 3539 1144 3610 de·

139 3643 258 3713 sidero.
301 3643 495 3736 Exemplum
517 3645 624 3714 hiatus
648 3646 783 3717 admissi
804 3646 1015 3716 Hermannus
1039 3643 1147 3715 attulit

67 3842 69 3846 λ
138 3750 174 3818 in
195 3747 332 3817 Elemm.
355 3748 457 3819 doctr.
480 3767 570 3819 metr.
591 3777 624 3845 p.
648 3759 723 3826 386.

226 3852 360 3924 Retinui
383 3869 492 3922 tamen
516 3853 611 3928 ctiam
634 3855 715 3926 haec
737 3857 850 3939 verba,
881 3882 924 3926 ne
958 3855 1036 3952 quid
1063 3855 1146 3926 omi·

141 3959 222 4033 sisse
245 3975 367 4040 temere
390 3958 525 4057 viderer.
