2566 4432
570 236 616 308 41

99 414 251 489 sariam·
267 437 424 490 causam
451 409 563 489 affert
595 410 865 512 expositionis,
897 408 1004 486 velut
1026 412 1097 486 Pa·

100 551 253 603 ouvius:

98 757 314 835 Fertunom
337 761 516 835 theonam
549 766 626 835 esse
655 773 690 834 et
717 784 869 834 caecam
891 769 926 831 et
950 754 1097 832 hrotam

539 872 731 977 perhibent
747 869 975 974 philosophi,

101 988 273 1093 Shez'qtee
308 990 429 1064 thetae
464 995 542 1064 esse
571 986 722 1087 globosi
743 987 966 1088 prhedicont
998 970 1106 1060 eolh·¹

543 1102 650 1178 bilem
657 1133 669 1190 ‚⁰

97 1202 213 1299 ‘Ideo,
256 1242 333 1319 quo
370 1245 513 1291 sexum
543 1215 730 1316 impulerit
748 1215 856 1316 sore,
893 1213 1023 1287 ccidere
1054 1240 1099 1287 eo

541 1330 757 1408 Fortunam
782 1331 994 1402 ahtumant.

101 1441 263 1518 caecam
289 1441 447 1519 obeam
480 1472 558 1545 rem
589 1472 666 1520 esse
696 1443 845 1529 iterant,
881 1441 974 1544 quia
1002 1438 1100 1514 nihil

542 1564 685 1642 cernat,
713 1583 789 1660 quo
814 1583 892 1630 sese
916 1557 1081 1655 cipph'eet.

95 1660 292 1745 ‘Iasonem
317 1684 444 1746 autem
465 1671 581 1757 ae'hnt,
608 1672 700 1774 quia
716 1683 840 1754 atrox,
866 1672 1015 1753 ineerta,
1041 1669 1098 1743 in·

542 1782 762 1886 stabilisque
784 1783 842 1857 sit.-

95 1898 278 1980 Breitam,
321 1900 414 2001 quia
450 1898 609 1997 de‘gnum
646 1903 761 2001 htque
797 1896 998 1994 indignum
1035 1902 1099 1971 ne·

544 2024 658 2116 queat
682 2011 933 2086 heterndscere.

97 2126 195 2199 Seint
219 2140 346 2201 autem
370 2125 442 2200 ah'i
456 2125 683 2226 philosophi,
711 2125 782 2231 qui
802 2129 935 2200 centra
959 2124 1097 2199 Fortu·

540 2243 632 2314 nem
657 2252 797 2337 negant

92 2348 198 2427 ‘Esse
233 2354 369 2440 ullam,
401 2354 468 2429 sed
497 2353 700 2428 temeritate
730 2351 863 2426 omnia
892 2352 1005 2450 regt'er
1028 2355 1097 2428 oh-

541 2480 702 2543 tomani.

90 2572 148 2656 'Id
178 2580 297 2677 magi’
329 2583 549 2657 verisimile
579 2609 657 2667 esse
687 2609 779 2656 usus
808 2584 934 2680 reeipse
954 2579 1097 2681 ‚experh

541 2698 646 2771 undo
672 2698 807 2771 e'doeet.

95 2807 202 2881 Velm
231 2807 374 2884 Orestes
399 2812 517 2885 mhdo
531 2812 618 2913 suit
645 2839 727 2896 ree,
760 2811 876 2885 mhdo
902 2810 1096 2884 mendicus

528 2926 666 3027 sa'ctus
691 2939 761 2999 est:

92 3036 307 3139 Nazisrogzo
333 3064 389 3112 res
413 3039 569 3139 contigit
592 3067 738 3142 nempe:
762 3046 850 3137 e'rgo
875 3038 986 3113 haud
1000 3035 1095 3111 For-

538 3166 634 3229 tuna
658 3152 809 3250 dbte'gt'h
1099 3174 1102 3179 '

90 3376 194 3451 Nam
232 3377 297 3454 hic
334 3381 528 3456 Pacuvius
567 3379 728 3457 infirma
768 3381 922 3456 ratione
960 3378 1095 3468 utitur,

93 3515 186 3575 cum
213 3492 280 3579 ait,
311 3495 442 3570 verius
476 3519 559 3571 esse
583 3496 818 3580 temeritate,
851 3520 972 3595 quam
997 3498 1095 3570 For-

92 3617 188 3680 tuna
213 3630 276 3681 res
300 3608 398 3706 regi:
430 3634 524 3684 nam
553 3623 723 3709 utraque
749 3608 940 3710 opinione
965 3609 1096 3711 philo-

93 3719 315 3821 sophorum
342 3721 430 3799 fieri
454 3723 594 3826 potuit,
622 3737 669 3799 ut
692 3724 735 3812 is,
762 3725 831 3825 qui
856 3750 923 3799 rex
948 3722 1095 3810 fuisset,

91 3834 302 3912 mendicus
327 3835 475 3914 fieret“
510 3842 594 3914 Hos
619 3863 754 3915 versus
781 3862 802 3913 e
826 3837 986 3913 Pacuvii
1012 3840 1095 3912 Du-

93 3948 236 4026 loreste
260 3951 405 4051 petitos
431 3976 514 4030 esse
539 3952 638 4031 vidit
652 3954 806 4053 primus
823 3950 994 4048 Scaliger
1019 3948 1095 4048 (ad
