2566 4432
612 240 658 314 16

75 468 80 477 .
140 417 266 506 dunt,
288 428 328 494 et
358 415 560 496 Ciceronis
594 406 645 492 de
676 384 880 492 nonnullis
904 416 1136 543 testimonia

139 529 379 608 confirmant
396 532 475 629 ⁴³).
515 543 520 553 “
852 554 856 566 ’

236 649 359 742 Quae
373 643 423 721 de
447 649 590 746 po‘etae
614 644 738 722 nostri
755 645 916 744 ingenio
934 659 1054 748 atque
1071 647 1134 725 in-

86 760 91 780 “
138 757 232 836 dole‘
260 760 471 860 hucusque
495 756 661 860 protuli,
693 780 716 834 e
738 747 896 838 iudiciis
920 773 1136 838 auctorum

136 887 325 962 veterum,
349 874 495 975 quibus
518 869 881 975 ipsiusfragmenta-
894 875 1136 975 comparavi,

137 987 299 1064 collecta
330 1000 437 1073 sunt;
469 984 572 1088 quae
596 1011 679 1088 quo
714 986 865 1063 diutius
885 986 1057 1088 inspexi,
1083 1012 1132 1067 eo

137 1101 280 1177 certius
303 1100 404 1176 mihi
429 1098 534 1175 risus
558 1125 649 1175 sum
665 1100 890 1200 intelligere,
904 1101 1133 1193 Pacuvium,

137 1215 207 1290 etsi
232 1214 400 1290 summis
424 1212 500 1287 illis
518 1217 689 1290 Graecae
706 1214 938 1312 tragoediae
961 1216 1133 1292 auctori·

134 1328 212 1403 bus
235 1351 321 1404 non
344 1348 491 1427 parem,
518 1326 707 1427 Sophocli
734 1328 935 1403 omnibus⁴
953 1331 1133 1407 numeris

137 1441 341 1526 absoluto,
377 1437 568 1536 Aeschylo
606 1443 817 1539 podtarum
848 1437 1133 1544 quiunquam

137 1553 313 1630 exstitere
339 1552 538 1640 altissimo,
562 1552 780 1683 Euripideo
806 1566 939 1629 tamen
967 1555 1131 1664 ingenio

135 1691 221 1743 non
246 1665 430 1778 cedere,⁸
418 1691 546 1742 ammo
571 1666 737 1767 propius
755 1667 958 1765 accessisse
971 1670 1028 1745 ad
1043 1652 1133 1749 illo-

134 1807 228 1857 rum
251 1772 507 1878 ingeniorum
531 1781 842 1883 praestantiam
839 1782 983 1877 Quod
1010 1808 1133 1884 quam

121 1895 186 1980 vsit
229 1918 384 1984 verum,
432 1920 525 1971 curn
566 1895 609 1970 in
649 1908 877 1970 ceterarum
904 1893 1132 1973 fabularum

62 2021 66 2105 j
135 2006 380 2106 fragmentis,
410 2021 499 2084 tum
529 2008 572 2083 in
603 2007 832 2097 Duloreste,
869 2026 962 2110 quo
984 2007 1132 2089 eodem

137 2133 371 2220 argumento
395 2121 606 2222 Euripides
630 2146 727 2197 usus
753 2135 824 2210 est,
850 2121 1070 2212 ostendam.
1104 2177 1107 2186 ι

551 2289 645 2349 1V.

231 2402 448 2508 Reliquum
474 2417 540 2491 est,
564 2418 610 2480 ut
626 2407 673 2481 de
687 2405 851 2480 Pacuui
866 2406 985 2481 anaim
983 2406 1132 2483 tiedole

135 2518 301 2594 verbum
328 2516 483 2628 addam,
509 2540 630 2618 quem
655 2517 995 2594 candidissimum
1009 2517 1132 2596 fuisse

1011 2647 1131 2735 atque

84 2740 87 2745 '
131 2745 336 2763 ¹—-

214 2815 280 2892 fflp
313 2815 398 2876 Tusc.
423 2816 464 2895 ll,
488 2818 543 2894 21,
568 2815 617 2876 uhi
642 2816 677 2878 de
701 2817 813 2899 Niptris
831 2817 937 2900 agitur3
967 2827 996 2876 et
1015 2838 1131 2879 meren-

135 2920 185 2969 tur
202 2907 299 2970 hercle
319 2909 475 2992 fragmenta
493 2909 551 2971 hoc
570 2910 686 2971 nomine
704 2910 838 2996 insignita
856 2911 962 2988 laudes,
977 2911 1031 2974 etsi
1045 2910 1131 2975 Cice-

134 3003 265 3065 ronianas
291 3003 376 3086 paulo
406 3004 575 3067 fervidiores
598 3005 718 3067 forsitan
742 3005 858 3076 dixeris:
877 3005 1040 3083 „Pacuvius
1059 3007 1130 3069 haec

64 3154 66 3161 ,
133 3099 236 3177 melius
253 3121 337 3182 quam
357 3099 525 3180 Sophocles.
569 3097 656 3182 Apud
675 3100 756 3161 illurn
775 3101 850 3162 enim
870 3122 1007 3182 perquam
1025 3101 1131 3164 flebili-

133 3204 180 3255 ter
199 3195 315 3278 Ulysses
338 3193 507 3272 lamentatur
527 3194 556 3254 in
576 3194 707 3256 vnlnere:
725 3228 1129 3258 --------

133 3287 273 3373 intelligit
296 3295 382 3372 polita
408 3289 533 3371 prudens
552 3289 729 3368 (Pacuvius)
748 3289 859 3351 ferendi
879 3289 988 3352 dolorIs
1007 3311 1130 3355 consue-

132 3381 262 3444 tudinem
287 3405 346 3447 esse
370 3406 431 3446 non
456 3386 691 3446 contemnendam
715 3385 906 3470 magistram.“
943 3387 987 3446 lta
1006 3385 1092 3448 etiarn
1112 3408 1130 3450 e

133 3474 241 3537 Teucri
259 3478 425 3563 fragmentis
443 3500 545 3563 magna
564 3479 605 3542 vis
625 3480 731 3553 elucet;
751 3481 786 3542 de
807 3500 865 3560 quo
884 3479 945 3541 Cic.
958 3479 993 3542 de
1007 3479 1092 3544 Orat.
1104 3485 1129 3562 l,

132 3570 187 3631 tt:
217 3572 304 3649 „Nec
323 3574 469 3655 qnisquam
490 3587 540 3635 est·
551 3596 667 3655 eorum,
686 3577 750 3658 qni,
774 3575 798 3638 si
817 3574 872 3636 iam
890 3575 928 3636 sit
947 3575 1129 3641 ediscendum

133 3664 186 3726 sibi
211 3667 332 3748 aliquid,
357 3689 417 3728 non
444 3669 589 3733 Teucrum
614 3671 729 3733 Pacuvii
753 3669 833 3731 malit
858 3692 943 3751 quam
961 3671 1129 3750 Manilianas

132 3760 274 3823 venalium
297 3762 512 3826 vendendorum
542 3766 619 3851 leges
643 3766 797 3828 ediscerc.“
843 3765 889 3827 ct
908 3765 971 3826 Fin
991 3766 1020 3830 h.
1040 3781 1128 3843 etan.

132 3853 171 3933 V,
190 3857 237 3917 22
256 3869 287 3918 et
305 3858 382 3920 Lael.
402 3862 437 3937 7,
456 3859 506 3920 ubi
525 3861 560 3924 de
579 3862 694 3946 egregia
713 3881 796 3924 scena
814 3860 845 3922 in
857 3860 1014 3926 Duloreste
1031 3886 1129 3929 senno

133 3963 191 4030 est,
211 3973 283 4034 quae
304 3953 387 4018 nobis
406 3966 451 4018 cst
469 3955 569 4041 fragm.
588 3951 683 4017 XXX,
