2566 4432
567 301 617 374 83

87 466 392 562 geum-dictumab
421 471 550 555 insulis,
582 471 672 566 qnod
700 470 735 540 in
765 498 804 541 eo
836 473 916 544 mari
946 475 992 544 sic
1021 501 1093 548 sco·

85 581 153 677 puli
181 599 355 668 vocantur,
387 606 406 651 a
437 583 643 652 similitudine
674 591 862 679 caprarum,
891 573 1029 680 ui'ytt.“

174 686 324 756 Eandem
363 688 522 783 originem
558 686 613 757 dat
646 685 755 760 Schol.
786 688 894 783 Apoll.
928 691 1039 764 Rhod.
1067 696 1094 781 l,

85 800 169 875 8313
193 817 210 860 a
236 809 325 861 certo
349 785 620 888 aliquo'scopulo
644 794 728 861 inter
753 791 887 861 Tenum
911 812 943 864 et
966 795 1095 878 Chium,

73 921 202 991 caprae
227 896 339 981 simili,
364 898 496 968 deducit
518 897 604 965 Plin.
628 897 699 970 bist.
723 914 789 966 nat.
811 897 871 979 IV,
897 910 948 974 tt.

162 1058 359 1128 Pacuuius:
389 1061 507 1154 tiqui]
552 1062 602 1142 Ita
624 1060 651 1128 F
653 1060 844 1143 lorentinus,
869 1060 954 1132 Cod.
975 1061 1094 1149 Havn,

89 1159 174 1232 cod.
197 1163 256 1248 Β.,
281 1164 332 1232 ed.
355 1190 419 1259 pr.;
443 1165 629 1234 Pacuvius:
656 1165 770 1258 Aliqui
798 1165 847 1235 ed.
871 1165 1095 1253 Rbolandelli‚

86 1266 218 1336 Veneta
245 1278 280 1351 1,
310 1269 442 1337 Veneta
471 1282 508 1354 Q,
536 1270 658 1339 Aldus'.
703 1269 816 1338 Alicui
835 1268 968 1365 Sciopp.
1012 1271 1094 1342 Inde

87 1370 241 1466 Scaliger,
267 1391 298 1442 et
319 1373 366 1441 illi
389 1374 603 1468 adstipulatus
626 1372 717 1442 Delr.
732 1373 858 1441 Allicui
877 1375 1000 1464 (Both.
1023 1379 1094 1445 Ad-

86 1475 198 1566 licui).
245 1477 400 1570 Scaligeri
423 1479 522 1545 verba
546 1495 637 1546 sunt:
682 1478 820 1561 „Alicui
839 1479 873 1546 in
894 1481 984 1573 A.s.
1028 1481 1093 1550 Le-

87 1581 231 1674 gendnm
253 1582 379 1650 Allicui
397 1582 430 1650 in
452 1586 494 1651 A.
504 1587 556 1674 sr,
582 1600 632 1651 cst
654 1583 785 1676 antique
810 1583 931 1651 dictum
952 1610 1014 1677 pro
1034 1585 1093 1654 Al·

86 1685 172 1769 Iexi,
199 1701 235 1753 ut
264 1686 416 1756 Pellicuit
441 1712 501 1781 pro
533 1685 680 1754 Pellexit.
726 1686 777 1754 De
808 1685 949 1781 Nauplio
978 1688 1094 1756 intelli·

87 1798 241 1892 gendum.
257 1797 370 1893 Eurip.
392 1797 520 1866 Helena
543 1826 571 1866 v.
594 1804 685 1875 1140.
709 1797 749 1865 de
765 1795 924 1893 Nauplio:
946 1788 1095 1902 vitreum

88 1898 299 2013 Kaunqelurc
331 1903 507 2001 ἐμβαλῶν
538 1905 644 2004 Αἰγεῖ
667 1915 731 1979 ‘w‘
755 1902 935 1993 (Matthiae
959 1905 1021 1974 sic:
1045 1937 1091 1984 π.

88 2011 277 2124 Καφηρίσιν
304 2017 385 2113 ἔμβ.
410 2019 577 2116 Αἰγαίαις
603 2017 635 2094 τ’
659 2010 791 2105 {votam
817 2015 989 2116 durnin).
1071 2059 1073 2063 .

174 2131 224 2198 Ac
248 2130 387 2224 primum
410 2130 542 2224 quidem
570 2129 707 2198 dubitari
730 2127 857 2222 nequit,
888 2132 966 2224 quin
990 2129 1093 2202 Scali-

88 2260 145 2328 ger
166 2233 281 2302 merito
306 2233 506 2302 damnaverit
528 2234 645 2326 aliqui,
676 2233 765 2329 quod
789 2249 821 2301 et
844 2235 1034 2307 alletoritate
1057 2238 1093 2307 li·

86 2339 219 2409 brorum
242 2362 321 2406 mss.
340 2338 473 2406 omnino
499 2338 688 2407 destitutum
713 2353 771 2420 est,
795 2353 827 2404 et
850 2337 1002 2431 explicari
1024 2368 1093 2413 non

87 2459 213 2539 potest,
243 2443 397 2536 quoniam
420 2444 519 2512 verbo
544 2459 646 2525 caret;
675 2441 738 2509 hoc
767 2467 844 2509 vero
869 2466 947 2510 cave
969 2444 1014 2512 ita
1037 2445 1093 2516 de·
1125 2525 1128 2533 ¹

86 2549 203 2618 lendes
227 2563 261 2616 ut
284 2547 393 2631 dicas,
426 2575 494 2617 non
518 2573 601 2642 opus
624 2546 724 2614 luisse
747 2545 893 2614 Varroni
916 2547 1093 2645 quidquam

85 2670 256 2749 praeterea
278 2651 415 2734 addere,
450 2679 524 2721 eum
547 2669 681 2748 propter
704 2649 791 2719 solas
814 2676 913 2720 voces
943 2651 977 2719 in
992 2654 1094 2746 ,freto

85 2760 199 2852 Aegeo
222 2757 304 2826 haec
328 2756 482 2840 attulerit;
506 2784 584 2826 nam
607 2784 665 2826 cnr
685 2781 755 2825 non
772 2755 870 2824 etiam
888 2756 993 2849 alz'pui
1012 2760 1092 2827 omi-

87 2863 188 2932 serit?
233 2860 301 2930 Sed
325 2861 414 2956 qnod
437 2863 604 2931 substituit
627 2861 791 2954 Scaliger,
814 2887 882 2930 non
904 2860 1012 2930 minus
1036 2863 1092 2934 de·

86 2967 150 3037 bile
175 2983 240 3050 est3
271 2966 390 3036 etenim
413 2982 448 3034 ut
470 2963 629 3060 Nauplius
655 2967 735 3034 haec
760 2965 846 3033 dicat
873 2971 1092 3061 (quamquam

86 3071 121 3140 in
143 3071 340 3140 Pacuvianis
364 3070 499 3154 sabulis,
530 3097 665 3165 quarum
690 3070 822 3166 quidem
850 3069 930 3137 tituli
954 3087 1091 3156 exstant,

50 3214 59 3230 ··
86 3177 138 3248 vix
161 3176 254 3247 locus
278 3174 421 3270 Nauplio
444 3175 571 3267 luerit),
595 3177 672 3272 qnid
696 3176 758 3244 sibi
780 3173 908 3243 volunt:
930 3173 964 3241 in
978 3180 1091 3269 Aegeo

72 3284 200 3377 freto?
224 3282 445 3377 Expectabam
470 3296 572 3349 certe:
596 3306 642 3349 ex
663 3280 799 3373 Aegaeo
821 3276 915 3354 freto,
940 3278 1092 3348 nimirum

86 3385 130 3454 ad
163 3384 342 3461 Euboeam.
402 3385 516 3477 Itaque
549 3385 646 3453 unice
680 3411 792 3453 verum
823 3382 948 3450 iudico:
992 3383 1097 3477 Liqui

87 3493 155 3582 (sc.
185 3485 303 3559 navem
329 3493 458 3581 meam)
482 3488 515 3556 in
540 3489 674 3580 Aegaeo
704 3488 802 3570 freto,
834 3486 978 3582 quisquis
1009 3486 1090 3557 baec

87 3593 180 3683 dixin
205 3598 282 3662 n'am
305 3594 483 3665 dolendum
507 3618 601 3675 sane,
626 3592 715 3685 quod
737 3617 858 3661 nomen
880 3591 1009 3661 fabulae
1032 3593 1090 3661 ad·

14 3750 29 3769 -,
86 3698 166 3769 dere
198 3699 383 3793 supersedit
409 3697 530 3767 Varro.
574 3697 628 3764 Ad
660 3693 815 3765 Orestem
845 3713 930 3766 certe
961 3697 1001 3766 de
1030 3723 1091 3766 sna

85 3803 120 3872 in
151 3804 283 3873 Tauros
315 3804 521 3898 navigatione
557 3818 741 3871 narrantem
769 3802 869 3871 verba
895 3801 1007 3871 referri
1035 3831 1089 3872 ve·

85 3934 162 3978 reor
188 3923 395 4004 nequeant,
432 3908 460 3977 si
483 3907 614 4005 quidem
645 3906 825 3989 concedas,
863 3907 951 4002 qnod
979 3906 1090 4001 posui·

85 4038 176 4099 mus,
206 4011 363 4083 Orestem
385 4011 503 4083 fecisse
532 4013 756 4108 naufragium·
786 4028 955 4106 praeterea
976 4035 1091 4080 neces·-

727 4117 792 4194 6.
