2566 4432
666 214 721 288 72¹

193 404 266 478 set,
287 408 381 466 'non
411 389 595 466 heroum.
643 391 796 488 ltaque,
829 387 860 461 si
886 388 1025 487 parcit,
1058 388 1205 486 imagi·

194 527 287 580 nem
314 503 433 581 simul
457 503 540 604 ipse
564 501 707 592 tradat,
733 524 891 578 necesse
917 514 983 577 est.
1018 563 1021 568 ,

669 691 720 750 vt.

292 819 397 921 Talis
421 821 541 918 igitur
564 818 641 896 fuit
663 818 820 894 Pacuvii
838 818 1079 894 Dulorestes.
1120 819 1198 894 Re-

194 932 352 1034 liquum
378 924 450 1023 est,
475 948 521 1009 ut
546 958 639 1036 quov
657 957 762 1009 anno
789 947 871 1009 acta
897 933 960 1021 sit,
990 928 1197 1007 addamus.

193 1051 298 1122 Nam
323 1073 416 1123 cum
443 1048 727 1151 Ciceronianus
751 1047 905 1122 Laelius
933 1048 1036 1146 (cap.
1056 1047 1113 1142 7.)
1140 1042 1199 1120 di-

196 1174 271 1235 cat:
318 1162 426 1257 „Qui
452 1162 644 1241 clamores
668 1175 890 1243 tota„cavea
915 1188 1032 1262 nuper
1055 1159 1098 1240 in
1123 1159 1199 1235 ho-

195 1275 304 1376 spitis
330 1289 368 1351 et
399 1277 513 1352 amici
546 1276 626 1351 mei
651 1280 705 1352 M.
731 1273 889 1350 Pacuvii
921 1303 1021 1350 nora
1052 1271 1197 1359 fabula,

195 1413 288 1463 cum
314 1399 428 1476 cet.“·,
460 1389 640 1488 dialogus
672 1402 804 1463 autem
830 1388 987 1493 habitus
1014 1411 1097 1463 esse
1122 1385 1198 1461 fin-

195 1515 308 1599 gatur
332 1525 380 1577 eo
408 1526 532 1591 anno,
559 1527 642 1603 quo
670 1501 803 1601 Scipio
830 1499 1036 1576 Africanus
1062 1501 1198 1577 minor

195 1615 375 1702 decessit,
409 1618 601 1704 DCXXV,
639 1615 680 1691 C.
716 1615 956 1715 Sempronio
984 1614 1197 1700 Tuditano,

68 1826 70 1831 4
192 1729 243 1807 Μ’
268 1728 441 1832 Aquillio
476 1731 602 1814 Coss.;
634 1729 679 1805 in
711 1752 870 1803 scenam
894 1728 1046 1829 prodiit
1069 1728 1197 1804 Dulo-

191 1857 313 1919 restes
337 1841 459 1944 paulo
486 1857 576 1919 ante
600 1842 690 1919 illos
716 1841 915 1929 consules,
945 1843 1007 1919 vel
1033 1867 1081 1918 eo
1106 1843 1195 1942 ipso

71 2042 74 2048 ,
193 1981 309 2033 anno.
357 1957 397 2031 si
424 1955 590 2056 quidem
617 1958 756 2033 Cicero
781 1956 974 2056 temporis
998 1955 1197 2031 rationem

194 2083 371 2157 accurate
401 2069 550 2145 habuit.
599 2069 768 2145 Videtur
798 2085 931 2145 tamen
960 2076 1012 2147 M.
1039 2069 1197 2145 Tullius

194 2181 364 2258 calculos
398 2184 620 2283 computari
653 2184 829 2260 noluisse
839 2179 853 2270 ;’
880 2208 974 2259 nam
1007 2198 1095 2261 tum
1130 2209 1196 2260 an-

192 2321 292 2371 num
319 2294 458 2394 agebat
474 2298 667 2372 Pacuvius
685 2298 991 2396 nonagesimum
1007 2298 1195 2398 primum.

193 2410 312 2512 Atqui
339 2411 478 2487 Cicero
504 2411 546 2485 in
572 2416 695 2488 Bruto
722 2414 826 2514 (cap.
849 2414 932 2511 64.)
958 2412 1037 2488 hoc
1061 2412 1194 2512 ipsum

191 2539 397 2627 tamquam
422 2525 619 2623 singulare
644 2539 790 2614 narrat,
821 2528 983 2603 Accium
1010 2540 1049 2602 et
1072 2532 1198 2603 Pacu.

192 2639 303 2714 vium
320 2638 463 2713 iisdem
481 2639 674 2715 aedilibus
693 2639 876 2719 docuisse
893 2627 1080 2729 fabulam,
1102 2667 1196 2717 cum

193 2757 338 2830 Noster
363 2753 571 2850 octoginta,
597 2754 737 2830 Accius
754 2754 911 2853 triginta
929 2780 1055 2831 annos
1078 2770 1196 2832 natus

195 2880 310 2953 esset;
354 2882 553 2967 praeterea
590 2869 807 2944 Pacuvium
846 2867 948 2943 ultra
987 2871 1195 2968 nonagesi-

192 3006 308 3059 mum
333 3006 484 3058 annum
502 2982 620 3059 vitam
646 2981 874 3070 extendisse,
900 3006 1021 3059 nemo
1047 2981 1178 3063 tradit.

289 3266 530 3342 Accedimus
543 3266 593 3342 ad
609 3266 821 3343 lectionem
843 3292 986 3343 eorum
1003 3290 1195 3347 versuum

195 3377 480 3468 stabiliendam,
506 3406 609 3482 quos
626 3380 877 3483 recipiendos
893 3382 934 3456 in
960 3404 1198 3483 compagem

195 3491 396 3578 duximus;
427 3493 488 3569 his
512 3495 555 3569 in
581 3496 685 3572 calce
710 3494 905 3570 addemus
930 3494 1045 3584 alios,
1082 3519 1199 3594 argu-

193 3606 331 3680 m'ento
364 3603 522 3683 fabuJae
547 3608 647 3686 adeo
675 3624 802 3710 aptos,
834 3623 880 3684 ut
912 3622 980 3684 aut
1011 3608 1094 3684 aliis
1126 3623 1199 3686 aut

195 3717 314 3794 nobis
340 3718 389 3794 ad
416 3744 502 3825 eam
528 3724 724 3823 pertinere
747 3748 864 3824 posse
889 3721 1107 3800 videantur.

595 3932 789 3957 *a
