2566 4432
559 207 652 305 ‚aa

136 399 207 471 est,
231 397 278 459 ut
301 381 528 484 Iphigeniae
552 381 747 456 insaniam
773 402 888 454 suam
908 376 1146 454 Furiarum«
1176 428 1178 432 <

136 523 215 598 que
231 498 428 598 impetum
445 509 619 570 narraret
637 497 811 572 Orestes:
843 495 1036 580 Orestem,
1063 493 1146 570 aie-

135 611 218 699 bat,
254 610 334 686 vidi
368 623 473 696 tum,
512 633 605 684 cum
634 609 800 709 Delphis
838 604 943 683 sorte
978 605 1145 685 fortuna

136 727 326 802 versabar.
375 723 498 799 Vides
530 746 576 796 ex
608 721 687 798 hoc
717 747 834 798 versu
857 746 984 821 paene
1008 746 1146 797 neces-

138 842 240 915 sario
268 836 476 937 consequi,
508 836 550 909 in
586 860 744 911 scenam
768 836 932 938 prodire
959 839 1144 914 Orestem

138 977 306 1037 servum,
325 950 534 1025 adiuvante
551 947 708 1039 fabulae
724 951 905 1036 nomine;
921 950 1015 1025 huic
1033 951 1144 1026 enim

138 1065 254 1141 titulo
281 1066 343 1138 vix
369 1064 583 1165 quisquam
608 1065 821 1140 crediderit
844 1062 1043 1143 satisfieri
1068 1063 1144 1140 hac

137 1180 218 1280 ipsa
256 1204 316 1266 re,
355 1176 469 1280 quod
507 1180 665 1253 Orestes
700 1194 792 1279 post
826 1203 967 1254 necem
1004 1178 1143 1253 matris

136 1318 209 1393 per
233 1291 398 1393 aliquod
422 1306 581 1390 tempus
612 1317 771 1366 servum
804 1292 941 1367 vixisse
975 1317 1016 1368 se
1041 1290 1150 1369 refe-'

136 1420 211 1490 rat;
235 1421 323 1482 tum
350 1404 458 1481 enim
484 1430 504 1478 a
530 1402 672 1502 pusilla
697 1430 756 1491 re,
782 1430 866 1480 non
893 1407 1055 1506 abipso
1083 1433 1142 1483 ar·

70 1513 73 1521 ’
137 1533 328 1615 gumento
355 1542 507 1593 nomen
532 1515 689 1592 fabulae
714 1515 889 1593 inditum
915 1534 1023 1595 esset.

232 1635 412 1708 Attamen
441 1630 630 1706 abhorret
654 1630 962 1732 quodammodo
983 1633 1141 1709 animus

137 1745 185 1819 ab
213 1772 271 1833 eo,
301 1760 348 1821 ut
372 1747 555 1822 Orestem
581 1746 709 1821 servili
736 1746 968 1822 conditione
992 1745 1033 1820 in
1058 1771 1143 1822 sce·

136 1882 230 1932 nam
255 1859 434 1958 prodire,
468 1883 713 1959 operamque
738 1861 919 1934 servilem
944 1874 1141 1962 praestare

137 1970 306 2046 credam.
350 1977 488 2073 Itaque
514 1998 607 2047 cum
632 1973 844 2073 Euripides
867 1975 910 2048 in
935 1975 1140 2076 Iphigenia

137 2087 302 2159 Taurica
340 2098 540 2183 pastorem
580 2085 677 2160 haec
715 2103 939 2164 narrantem
976 2089 1141 2167 inducat

138 2199 192 2291 (v.
217 2199 290 2272 246
315 2196 438 2298 sqq.):

184 2412 341 2531 »ἄλλος
366 2419 405 2507 di
429 2456 482 2515 τις
506 2423 682 2571 paisant,
710 2427 845 2532 ἐνομίᾳ
868 2429 1029 2538 θρασιῒς,

184 2533 351 2637 ἐγέλασεν
376 2540 521 2642 εὐχαῖς,
547 2536 735 2632 ναυτίλους
760 2536 793 2624 d'
817 2541 1060 2688 ἐφθαρμένους

183 2645 341 2729 θάσσειν
368 2647 531 2791 qu'qu'y'
554 2643 706 2752 ἰ’φασκε,
730 2659 798 2732 τοῦ
823 2654 930 2756 νόμον
954 2654 1072 2761 φόβῳ,

184 2758 381 2854 κλύοντας,
408 2767 454 2857 o‘c
478 2762 629 2866 &aarum
655 2761 788 2848 {vadia
812 2765 1033 2871 §ivovc‘st-

135 2994 231 3070 haec
256 2996 373 3072 verba
400 3022 536 3074 ansam
564 2999 656 3075 dare
688 3016 907 3102 potuerunt
933 3004 1016 3079 aliis
1040 3010 1139 3106 poi}-

133 3108 201 3198 tis,
230 3125 277 3187 ut
302 3113 485 3187 Orestem
517 3137 560 3188 re
593 3139 683 3190 vera
716 3113 969 3214 naufragium
1000 3119 1056 3193 ibi
1081 3117 1139 3196 se-

134 3225 230 3301 cisse
254 3228 604 3328 repraesentarent,
639 3254 722 3328 quo
753 3232 948 3307 maiorem
977 3233 1139 3310 misera-

134 3337 297 3415 tionem
314 3355 353 3416 et
378 3342 705 3443 exspectationem
732 3342 981 3421 auditoribus
1002 3374 1141 3424 move-

133 3465 231 3526 rent.
279 3455 456 3556 Eiusque
480 3458 537 3532 rei
562 3455 758 3533 indicium
789 3460 832 3533 in
863 3461 992 3535 verbis
1016 3466 1141 3539 Pacu-

132 3563 184 3638 vii
209 3565 334 3666 ipsius
358 3583 556 3658 tenemus,
587 3597 690 3672 quae
726 3587 837 3648 acute
862 3574 1034 3650 Naekius
1060 3576 1142 3652 huc

132 3676 344 3755 advocavit.
394 3687 495 3758 Nam
523 3699 662 3761 auctor
688 3685 886 3762 librorum
913 3690 963 3764 ad
989 3695 1142 3766 Heren-

132 3790 246 3867 nium
273 3794 342 3891 (11,
366 3797 449 3892 23)
479 3797 735 3874 haec-habet:

214 3930 299 3996 Γ
321 3908 485 3989 Infirma
511 3909 613 3989 ratio
647 3925 720 4001 est,
753 3938 854 4017 quae
886 3939 972 3991 non
989 3939 1139 3993 neces·
