2566 4432
676 229 728 307 32

301 408 362 484 De
400 407 588 484 universo
619 392 776 484 fabulae
807 423 1043 505 argumento
1073 408 1208 510 prima

205 522 395 598 sententia
416 536 486 597 est
508 523 650 610 Delrii,
685 522 755 624 qui
779 522 844 619 73)
871 522 1125 600 Dulorestem
1156 547 1207 598 ex

202 635 405 738 Euripidis
438 638 595 726 Oreste,
626 635 806 734 Aeschyli
838 639 1138 735 Agamemnone
1164 651 1206 712 et

204 750 456 851 Choiphoris
489 751 762 827 concinnatam
793 775 876 827 esse
903 752 1097 853 opinatur.
1143 753 1205 826 Ea

201 877 336 951 tamen
361 889 445 940 non
471 865 543 941 alia
562 889 738 941 excausa
758 879 842 942 orta
862 879 929 952 est,
948 892 1070 967 quam
1088 865 1204 967 quod

200 976 437 1076 fragmenta,
470 1003 572 1080 quae
605 977 655 1055 ad
686 978 955 1056 narrationem
988 979 1039 1054 de
1070 992 1203 1056 morte

201 1094 529 1190 Agamemnonis,
562 1093 908 1190 Clytaemestrae,
934 1106 972 1167 et
997 1092 1048 1169 de
1075 1093 1203 1195 expia-

200 1207 310 1283 tione
337 1203 486 1284 Orestis
511 1207 724 1309 pertinent,
749 1232 824 1309 pro
851 1231 1008 1282 summa
1034 1207 1201 1290 actionis

126 1344 128 1350 ·
199 1321 372 1396 habebat
407 1321 579 1408 Delrius‚
632 1321 683 1395 de
718 1320 896 1421 reliquis,
940 1344 1041 1420 quae
1084 1320 1199 1397 nullo

198 1434 327 1510 modo
358 1434 401 1506 in
434 1433 664 1531 argumenta
691 1433 818 1534 trium
850 1433 1011 1509 illarum
1046 1432 1200 1511 fabula-

197 1572 291 1622 rum
329 1546 542 1649 quadrant,
579 1569 750 1622 securus.
814 1551 919 1623 Nam
962 1547 1031 1649 qui
1073 1547 1200 1623 Delrii

198 1663 432 1738 sententiam
458 1660 730 1763 amplectatur,
763 1659 862 1762 quid
886 1660 1015 1749 faciet,
1046 1675 1091 1736 ut
1123 1661 1199 1749 alia

197 1789 364 1863 taceam,
395 1775 647 1852 nobilissimo
677 1772 748 1849 illo
773 1771 866 1851 loco
892 1774 944 1851 de
973 1774 1196 1852 amicorum

198 1890 411 1967 certamine
434 1889 517 1988 ⁷⁴):

196 2079 292 2187 ‘Ego
315 2114 404 2163 sum
417 2173 419 2177 .
432 2087 586 2163 Orestes.
634 2075 768 2162 ‘Immo
793 2085 974 2162 entinrero
999 2112 1067 2185 ego
1088 2113 1193 2174 sum,

713 2204 876 2304 inquom
904 2200 1057 2276 Orestes.
1176 2200 1179 2206 ’

292 2397 429 2498 Aeque
473 2393 597 2471 futilis
635 2407 693 2470 est
733 2394 804 2472 ΤΙι.
846 2396 1009 2471 Stanleii
1031 2396 1191 2495 -opi'nio,

196 2510 265 2612 qui
298 2512 382 2608 ⁷⁵),
420 2507 528 2611 apud
570 2509 729 2584 Latinos
775 2514 912 2609 politas
951 2509 1192 2587 Dulorestem

161 2628 165 2636 ’
196 2625 376 2701 eiusdem
410 2624 629 2720 argumenti
662 2647 745 2698 esse
778 2637 909 2699 censet
945 2624 1057 2700 cuius
1083 2625 1192 2725 apud

196 2742 367 2813 Graecos
410 2739 691 2840 Choephoros,
734 2751 772 2813 et
814 2761 863 2812 eo
907 2739 1072 2814 nomine
1113 2753 1190 2813 tra-

194 2851 356 2950 goedias
371 2853 576 2940 Naevium,
598 2852 776 2927 Ennium
801 2864 840 2926 et
863 2850 1081 2927 Pacuvium
1097 2851 1189 2926 scri-

72 2958 77 2966 ’
193 2967 317 3068 psisse
342 2963 427 3044 fert.

292 3080 422 3155 Tertia
456 3095 514 3156 est
549 3079 790 3166 coniectura,
828 3104 968 3181 quam,
1006 3078 1189 3155 Servium

192 3210 367 3283 secutus,
400 3192 551 3297 profert
574 3195 745 3298 Heym‘us
771 3188 846 3292 76).
897 3193 1055 3270 Servius
1080 3192 1189 3267 enim

1077 3305 1188 3382 dicit:

190 3405 391 3422 *nn-u—

264 3487 324 3566 73)
363 3490 397 3547 ln
418 3484 640 3570 opinationibus
659 3485 694 3546 ad
714 3495 785 3548 vett.
804 3496 899 3570 tragg.
918 3483 1019 3565 fragm.
1039 3503 1069 3564 p.
1090 3483 1158 3544 lto.

269 3619 327 3697 74)
369 3617 430 3680 Cic.
451 3618 516 3681 Fin.
534 3619 565 3680 b.
586 3586 616 3680 et
634 3641 673 3679 m.
693 3619 739 3692 V,
759 3620 808 3680 22.
955 3608 957 3610 .

268 3751 327 3830 75)
369 3750 563 3813 Commentar.
593 3751 628 3811 ad
657 3750 827 3834 Catalogum
856 3759 950 3831 tragg.
980 3744 1130 3827 Aeschyli,
1157 3746 1189 3806 in

188 3847 256 3912 edit.
275 3844 388 3910 Butleri
408 3846 465 3909 vol.
486 3846 575 3924 VIII,
594 3868 624 3928 p.
644 3844 692 3906 83.
712 3866 733 3906 s.
753 3870 780 3907 v.
801 3838 943 3924 xaapo'gor.

267 3964 326 4043 rt)
365 3962 413 4024 Aa
432 3959 535 4048 vagit.
554 3957 628 4025 Aen.
648 3961 699 4022 n.
719 3959 878 4023 471-73.
