2566 4432
599 292 673 366 118

135 461 249 564 steph.
283 461 374 533 Delr.
402 461 484 532 ,Hic
516 460 645 532 addit
635 488 670 531 111
694 459 860 561 Opinalt:
905 458 1147 551 „Quibusdam

135 566 224 638 libris
248 567 342 638 deest
369 574 432 638 vox
460 566 624 651 secunda,
653 564 724 635 aliis
756 582 789 636 et
816 566 949 636 tertia.“
977 609 1022 620 —
1052 565 1179 689 Quid

136 674 361 773 madefactum
390 671 460 743 sibi
481 671 573 757 velit,
601 698 670 742 non
701 687 830 767 exputo.
874 670 1019 742 Vossius
1041 648 1179 742 mule-

123 778 265 874 sactum
286 792 413 868 servat,
448 774 622 869 legendnm
645 791 756 845 tamen
778 791 904 844 censet:
932 801 1013 870 „qut
1045 801 1147 872 aegre

138 880 241 957 mal.“
274 907 373 978 quam
399 879 622 950 coniecturam
649 877 793 948 Bothius
829 895 916 950 recte
952 880 1147 976 repudiavit.

139 985 255 1085 Pergit
275 986 434 1057 Bothiust
463 983 566 1070 „Fuit
586 983 669 1053 haec
692 982 831 1054 fortasse
853 1009 970 1054 manus
994 985 1148 1080 Tragici·

140 1092 222 1164 Nou
244 1089 337 1166 olli.
353 1102 395 1170 νζ,
419 1106 517 1184 atque
540 1113 632 1183 aegra
627 1087 753 1172 'm.l.,
768 1115 853 1185 quae
874 1088 1002 1159 videtur
1023 1091 1148 1162 dixisse

139 1194 299 1295 Py,lades
334 1193 516 1265 maledictis
549 1211 682 1265 vexatus
717 1193 758 1261 alr
792 1192 914 1264 Oreste
951 1195 1149 1266 insaniente.

123 1315 260 1397 ⁴[quem
288 1301 323 1370 in
351 1326 422 1370 rem
448 1297 546 1369 affert
559 1299 685 1369 Horat.
709 1296 814 1367 Serm.
835 1297 876 1381 ll,
899 1307 931 1378 3,
956 1308 1018 1373 137
1043 1315 1147 1396 sqq.].

140 1407 221 1477 Non
249 1405 310 1502 eff.
325 1405 365 1495 s.
391 1428 436 1489 o„
468 1428 537 1473 non
567 1427 682 1497 agam,
714 1418 751 1471 ut
777 1401 892 1497 vulgus
921 1402 1020 1488 solet,
1054 1405 1149 1500 quod

126 1507 257 1607 ‘quovis
286 1506 461 1577 maledicto
492 1507 678 1583 offenditur.
722 1508 831 1601 Atque
853 1509 981 1595 serrum,
1009 1508 1069 1578 sed
1096 1509 1167 1604 ffl’.

139 1632 229 1698 ramt
241 1612 326 1682 sicut
339 1610 518 1710 particulae
535 1610 760 1681 coniunctivae
776 1612 977 1707 oppositioni
990 1636 1149 1682 nonnun-

140 1726 240 1815 quam
265 1716 456 1791 inserviunt.
500 1715 602 1786 Vidd.
630 1716 770 1812 interpp.
784 1716 942 1786 Phaedri
959 1717 1002 1785 ad
1029 1715 1147 1802 fan-1,

140 1831 172 1907 3,
194 1831 225 1897 9.
250 1834 334 1897 etc.“
363 1821 438 1904 [ubi
462 1834 560 1917 atque
589 1821 686 1896 simili
713 1821 855 1903 modu}
899 1821 1149 1916 „Malffuctwn

140 1925 292 2019 generale
318 1952 441 1997 uomen
470 1943 536 2013 est,
565 1927 600 1996 in
621 1951 695 2024 ·quo
724 1926 821 1996 etiam
848 1924 1022 1994 maledicta
1048 1925 1148 1995 intel·

140 2028 320 2127 ligantur.“

228 2135 397 2207 Bothiana
430 2134 590 2230 scriptura
619 2135 711 2213 nihil
727 2135 891 2204 lucramur
916 2149 1046 2228 praeter
1072 2135 1148 2208 lan-

140 2237 276 2334 guidum
298 2256 330 2310 et
352 2240 458 2310 amico
481 2239 651 2334 indignum
673 2265 870 2310 sermonem.
902 2239 1016 2334 Itaque
1031 2238 1147 2312 locum

139 2343 216 2414 ltuic
254 2345 362 2414 versui
401 2345 561 2441 quaesivi,
600 2346 657 2414 ubi
693 2343 774 2413 nihil
812 2343 929 2411 mutari
967 2360 1145 2438 oporteret.

144 2449 247 2544 Vulgi
264 2451 407 2546 officium
440 2449 508 2522 noli
532 2449 744 2543 contemptim
768 2449 890 2519 dictum
920 2448 1064 2547 opinari3
1093 2469 1149 2527 est

138 2556 258 2651 „quod
280 2578 395 2630 omues
418 2553 566 2624 homines
589 2553 749 2623 faciunt.“

311 2826 498 2905 xxxul,
548 2823 687 2920 (non.
712 2776 851 2900 nulor.
875 2824 960 2922 aa.)

225 3004 356 3079 Nonius
377 3030 410 3099 p.
433 3009 497 3080 194
519 3030 568 3101 sq.
591 3004 710 3074 Mero:
755 3006 929 3090 „Incz'lure
957 3020 1008 3075 est
1034 3006 1144 3079 incre.

137 3133 216 3204 pare
244 3108 296 3180 vel
326 3109 520 3204 improbare.
551 3151 595 3163 -
622 3151 663 3166 -
686 3151 731 3166 ·-
760 3111 924 3180 Pacuvius
947 3108 1143 3185 Duloreste=

137 3213 270 3313 Siquis
291 3217 355 3286 huc
379 3239 432 3283 me
454 3213 601 3286 oratione
622 3213 747 3300 laedet,
769 3216 850 3310 quid
868 3219 1112 3306 respondeam?
1143 3260 1145 3267 π

25 3384 28 3389 ·
169 3412 170 3416 ,
224 3369 295 3436 me]
318 3377 393 3424 meo
413 3354 501 3424 lens.
522 3353 600 3424 Par.

252 3708 255 3713 Ι
295 3617 501 3691 XXXVIII.
550 3615 960 3714 (Both.1)ulor.2o.)

222 3794 350 3866 Nonius
377 3821 410 3890 p.
436 3803 508 3870 tto.
531 3795 649 3869 Floret
694 3850 714 3881 ‚,
727 3796 931 3872 orbitudtzts
958 3824 1019 3895 pro
1049 3799 1140 3894 orbi·

132 3915 208 3969 tote.
230 3942 274 3953 —
295 3943 340 3953 —
361 3938 405 3953 -
427 3899 592 3970 Pacuvius
614 3899 807 3974 Duloreste:
858 3904 922 3976 Vel
946 3928 1019 3974 cum
1043 3904 1141 3976 illum

132 4004 243 4078 videos
265 4005 441 4077 sollicitum
462 4005 678 4079 orbitudetzef‘
