2566 4432
595 1141 618 1201 1.

98 1260 238 1389 Nune
262 1310 347 1387 fere
373 1335 393 1385 a
419 1322 528 1410 pane
553 1314 605 1385 u.
630 1311 789 1386 racuvn
815 1308 948 1387 sanun
974 1312 1100 1390 outo-

98 1442 219 1506 restes
245 1423 563 1502 dubitationibus
585 1421 708 1500 libera
726 1439 791 1501 est.
833 1429 975 1526 Neque
993 1427 1100 1502 enim

98 1543 149 1619 de
186 1540 369 1626 nomine,
410 1537 623 1641 quomodo
666 1539 717 1614 sit
749 1539 1007 1627 scribendum
1039 1532 1101 1616 vel

99 1652 393 1757 explicandum,
426 1675 559 1750 neque
594 1651 645 1726 de
671 1668 848 1741 auctore,
873 1668 1012 1729 utrum
1037 1679 1100 1729 so·

97 1771 161 1846 lus
197 1765 393 1869 Pacuvius
425 1763 681 1840 Dulorestem
712 1765 926 1866 scriuserit,
961 1790 1011 1840 an
1037 1767 1099 1841 alii

16 1901 22 1912 ²
101 1903 267 1982 quoque
297 1879 458 1977 poetae,
492 1877 625 1976 neque
657 1877 707 1952 de
740 1876 832 1954 loco
859 1893 898 1955 et
921 1879 1100 1980 personis

99 1992 273 2078 fabulae,
298 2012 430 2089 neque
457 1987 507 2064 de
533 1989 619 2065 eius
645 1993 948 2080 constructione,
980 2018 1101 2092 quam

102 2105 384 2183 oeconomiam
418 2103 603 2192 dicimus,
642 2104 781 2180 eadem
821 2106 1010 2182 omnibus
1044 2120 1102 2187 est

101 2209 302 2296 sententia.
358 2214 615 2294 Manifestum
647 2244 741 2295 vero
769 2234 841 2308 est,
865 2221 1101 2321 priusquam

99 2335 161 2410 his
188 2332 382 2410 derebus
408 2347 562 2409 certum
587 2331 970 2436 conformaverimus
997 2333 1102 2410 iudi-

101 2450 224 2535 cium,
255 2446 475 2543 fragmenta
508 2472 552 2522 ex
576 2447 787 2524 Duloreste
811 2448 944 2524 relicta
968 2449 1010 2522 in
1037 2474 1101 2524 or-

91 2563 239 2664 dinem
263 2562 413 2636 iustum
444 2576 483 2636 et
505 2563 731 2663 progressui
758 2562 981 2662 argumenti
1008 2587 1102 2638 con-

102 2690 336 2751 sentaneum
360 2674 487 2773 redigi
512 2701 595 2751 non
622 2699 752 2776 posse.

199 2789 382 2864 Primum
406 2791 453 2865 de
477 2792 630 2867 nomine
658 2789 922 2889 dispiciamus.
972 2793 1100 2892 Atque

102 2928 189 2980 eam
221 2901 387 3004 quidem
421 2902 728 2990 dubitationem,
760 2928 883 3004 quam
906 2906 1101 2981 Henricus

103 3018 327 3119 Step’hanus
352 3018 487 3105 movit,
506 3015 641 3092 dicens
660 3016 1100 3104 ⁵²),sortassesc1iben-

105 3131 207 3207 dum
232 3155 316 3207 esse
339 3131 601 3220 Balanteum,
630 3131 839 3222 adductus,
865 3146 911 3208 ut
934 3132 1099 3221 videtur,

102 3245 154 3320 ad
191 3244 292 3321 hanc
335 3246 569 3323 sententiam
611 3247 852 3323 Scholiastac
892 3245 1099 3347 Euripidei
1148 3306 1152 3314 ,

102 3357 192 3433 loco
217 3359 295 3455 ⁵³),
319 3360 389 3443 ubi
418 3359 612 3436 Strattidis
638 3361 793 3438 Comici
812 3353 1101 3469 Ἀνθρωπορῥαί-

102 3547 302 3560 m

183 3652 241 3726 52)
282 3654 394 3733 Fragm.
416 3657 507 3732 point
528 3653 603 3710 Lan.
624 3674 651 3731 p.
672 3653 741 3711 2⁰4.

183 3783 241 3859 53)
282 3783 379 3842 Schoi.
409 3785 444 3843 ad
477 3785 547 3842 Eur.
579 3784 675 3844 Orest.
709 3805 738 3841 εκ·
760 3785 827 3844 269.
882 3782 1099 3849 rnann'bro.

97 3872 293 3955 ἰιικομᾷἲιται
324 3878 336 3935 ι’
366 3874 466 3951 στίχος
489 3873 533 3937 tad
559 3872 710 3951 Ἠγέλοχον
735 3874 781 3935 n'r
808 3875 963 3960 drungarii.
990 3877 1021 3940 ου’
1043 3874 1101 3960 wig

103 3971 261 4048 φθὶίσιντι
283 3968 373 4033 &satir
397 3968 443 4038 vvir
469 3969 645 4065 cerauneis,
669 3969 863 4046 toeaau'dm'ae
880 3982 930 4034 τοῦ
948 3970 1102 4052 metipsum
