2566 4432
508 247 662 325 ·1t

138 438 272 503 tamen
290 435 445 527 praeter
455 420 673 500 Pacuvium
685 421 840 501 Ennius
860 435 898 501 et
912 423 1083 507 Naevius
1099 438 1138 503 et

138 539 279 617 Accius
305 537 468 616 comicis
493 550 611 638 atque
634 537 789 636 tragicis
815 537 1137 628 adnumerantur,

137 653 229 730 licet
259 653 396 729 nullus
427 676 570 729 eorum
601 651 644 726 in
674 665 849 754 utroque
878 654 1049 753 poiseos
1073 677 1138 752 ge-

138 774 233 848 nere
258 792 396 869 parem
420 764 581 843 laudem
608 765 851 842 demeruisse
871 765 1051 844 videatur
1067 768 1137 865 3ῐ).

125 872 277 985 'Itaque
308 879 431 985 fijdem
463 904 551 956 non
580 878 851 977 derogandam
881 905 965 957 esse
993 904 1137 957 censeo

137 997 196 1084 iis,
222 994 291 1097 qui
316 995 530 1079 Pacuvium
558 993 676 1069 etiam
693 992 923 1070 comoedias
939 995 1139 1096 scripsisse

138 1108 300 1187 tradunt
320 1109 396 1206 32).
445 1107 664 1184 Diomedes
687 1121 886 1207 praeterea
909 1109 976 1206 33)
1007 1108 1138 1210 loqui·

137 1238 205 1300 tur
242 1223 293 1299 de
325 1222 482 1298 Pacuvii
519 1220 705 1297 etEnnii
736 1223 892 1308 saturis,
924 1246 1027 1322 quae
1058 1222 1137 1297 alio

138 1339 229 1414 loco
282 1334 401 1412 laude
449 1359 533 1410 non
583 1349 779 1410 ornantur
803 1335 881 1428 34).
950 1336 1139 1413 Ceterum

137 1450 252 1555 quod
281 1449 483 1527 Fabricius
515 1449 612 1525 dicit
634 1448 717 1546 ³⁵),
741 1447 959 1524 Pacuvium
984 1448 1138 1525 laudari

135 1568 180 1643 in
219 1589 392 1642 numero
426 1565 756 1664 epigrammatum
787 1562 1029 1662 scriptorum
1037 1573 1059 1651 ,²
1076 1587 1138 1639 re-

135 1680 231 1757 ferri
255 1678 414 1754 videtur
439 1677 489 1752 ad
515 1676 779 1778 epitaphium,
813 1674 927 1789 quod
951 1675 1026 1752 sibi
1049 1678 1136 1777 ipse

137 1793 377 1895 composuit.
446 1852 450 1861 ,
735 1798 753 1819 ”

609 1976 662 2037 Ν.

235 2104 282 2179 In
312 2098 523 2178 tractandis
552 2103 794 2198 argumentis
820 2103 965 2206 duplex
988 2103 1136 2181 Roma-

138 2240 288 2293 norum
326 2218 537 2316 poetarum
576 2216 678 2293 ratio
712 2214 803 2308 fuit,
847 2220 964 2296 altera
1001 2214 1135 2314 magis,

139 2389 341 2408 μ

215 2496 295 2576 31),
315 2493 379 2557 Nisi
400 2493 521 2556 sortasse
545 2492 669 2557 Naevius
694 2494 835 2577 duplicem
857 2495 930 2557 hauc
948 2493 1003 2557 sibi
1021 2515 1136 2577 compa-

137 2593 213 2657 ravit
236 2590 368 2676 gloriam.
427 2589 504 2650 Huic
528 2589 604 2652 enim
628 2590 854 2674 ingeniosissimo
882 2597 986 2673 poetae
1010 2611 1027 2652 a
1053 2590 1136 2652 Sedi-

138 2689 202 2773 gito
232 2686 334 2749 tertius
360 2684 440 2747 locus
465 2683 543 2746 inter
567 2685 692 2746 comicos
717 2705 867 2748 concessus
892 2699 948 2760 est;
974 2707 1086 2768 neque,
1110 2686 1136 2748 si

137 2783 200 2845 eius
224 2781 436 2866 tragoediarum
460 2779 594 2860 reliquias
617 2778 801 2860 adspicimus,
829 2794 898 2863 post
921 2782 1076 2846 Pacuvium
1104 2793 1136 2844 et

137 2877 258 2940 Accium
278 2875 436 2958 proximam
454 2873 576 2956 palmam
596 2874 678 2936 facile
697 2875 725 2936 ei
744 2876 884 2961 denegare
902 2878 1069 2960 poterimus.

217 3009 277 3087 32)
316 3006 485 3091 Fulgentius
510 3005 540 3066 in
564 3007 642 3068 Non.
668 3006 758 3068 Mero.
784 3030 813 3090 p.
839 3011 908 3070 562.
932 3032 955 3072 s.
980 3033 1008 3073 r.
1027 3011 1134 3072 Blate-

138 3127 224 3166 raree
261 3102 424 3181 „Pacuvius
454 3101 609 3162 Pseudone
640 3105 790 3163 comoedia
819 3104 928 3166 inducit
957 3104 1134 3187 Sceparnurn

137 3221 251 3263 uerum
270 3197 387 3258 ancillae
407 3195 560 3257 dicentem:
581 3197 621 3257 Ni
640 3217 696 3281 ego
716 3200 771 3259 te“
790 3211 844 3260 cet

95 3378 102 3389 .
216 3330 275 3409 33)
314 3328 447 3390 Diomed.
466 3351 496 3410 p.
516 3328 584 3389 482.
604 3328 679 3411 apud
698 3328 818 3419 Puiscb:
837 3363 877 3377 -
897 3328 991 3408 „olIm
1010 3351 1134 3410 cumen,

138 3427 217 3510 qnod
237 3449 272 3488 ex
291 3425 375 3488 variis
394 3422 573 3506 podmatibus
586 3423 744 3501 constabat,
757 3426 860 3488 Satura
872 3425 1036 3507 vorabatur,
1050 3427 1134 3510 quale

136 3521 312 3605 scripserunt
330 3518 469 3582 Pacuvius
489 3531 519 3580 et
538 3519 678 3581 Ennius.“

215 3650 274 3729 34)
314 3649 509 3734 Porphyrion.
529 3651 565 3712 ad
584 3652 689 3712 Horat.
710 3652 770 3712 Sat.
790 3653 813 3729 l,
834 3654 892 3731 1⁰,
904 3656 958 3716 56:
978 3688 1042 3734 ‚‚-
1061 3657 1133 3716 ltem

135 3745 277 3824 Ennium,
302 3747 352 3828 qui
377 3757 502 3827 quatuor
525 3745 615 3807 libros
642 3746 809 3808 Saturarum
834 3748 965 3829 reliquit,
990 3771 1023 3812 ac
1042 3751 1134 3812 Pacu-

134 3840 214 3906 vium
233 3841 300 3902 huic
318 3841 418 3925 generi
437 3840 650 3905 versificationis
669 3863 730 3903 non
749 3841 922 3907 suffecisse.“

213 3970 273 4049 35)
313 3971 458 4035 Fabricius
477 3972 546 4034 bibl.
567 3972 616 4036 lat.
634 3986 707 4036 tom.
725 3975 762 4036 ll.
782 3997 811 4058 p.
832 3977 899 4038 2⁰1.
