2566 4432
623 259 670 331 76

389 435 436 508 11.
486 431 622 530 (Both.
649 429 788 506 Dolor.
814 430 895 527 12.)

229 616 359 688 Nouius
386 641 418 709 p.
444 621 519 688 522.
558 614 679 684 Mercu
717 613 849 698 „Diem
878 612 1006 696 volunt,
1045 637 1145 706 quum

139 719 295 789 feminino
320 745 438 811 genere
464 718 619 803 dicimus,
642 735 770 814 tempus
795 718 992 812 significare3
1015 742 1145 784 maseu-

139 825 224 908 lino,
248 823 335 892 diem
358 823 479 918 ipsum:
504 820 575 893 Nos
599 841 712 893 contra
735 823 927 894 invenimus.
948 863 993 878 —
1015 864 1057 875 -
1081 818 1146 886 Pa·

140 931 253 1000 cuvius
277 927 470 997 Duloreste:
519 926 666 998 Gnatam
695 930 886 1022 despondit,
911 925 1033 1020 nuptiis
1062 925 1147 994 huuc

139 1038 200 1104 dut
221 1033 318 1104 dum.

227 1170 368 1264 nuptiis]
398 1172 517 1241 nubtiis
547 1173 705 1258 Mercen,
739 1176 794 1270 qni
822 1173 899 1243 talia
928 1187 1030 1254 amat,
1069 1191 1146 1237 suas

140 1278 238 1347 etiam
261 1293 356 1345 notas
379 1277 519 1347 scribsit.
558 1278 643 1348 Post
665 1279 750 1349 hanc
773 1304 888 1348 vocem
905 1273 1147 1346 distinctionem

138 1398 267 1478 ponunt
289 1380 359 1460 lun.
384 1378 512 1475 Steph.‚
535 1382 648 1451 nescio
673 1383 763 1453 euius
786 1381 995 1477 negligentia.

226 1489 304 1566 dut]
333 1484 412 1553 dicit
439 1484 523 1558 lens.
547 1485 623 1560 Par.
667 1487 744 1556 Hoc
771 1486 908 1556 librariis
937 1481 1145 1556 tribuendum

138 1589 282 1672 videtur,
313 1588 369 1683 qui
394 1587 568 1661 formulam
598 1589 720 1686 ubique
753 1593 880 1663 obviam
908 1598 977 1686 (ex.
1005 1617 1052 1684 gr.
1076 1587 1144 1656 'l'e-

136 1713 219 1765 rent.
242 1694 347 1764 Andr.
370 1693 396 1776 l,
421 1703 450 1777 l,
474 1703 532 1768 75:
564 1695 715 1764 Placuit:
742 1697 921 1790 despondi:
949 1696 1002 1767 iric
1023 1691 1146 1786 nuptiis

138 1801 259 1871 dictust
281 1799 385 1889 dies)
407 1816 614 1893 reponerent.
655 1801 753 1869 Dure
774 1802 861 1870 diem
883 1828 951 1871 non
975 1801 1058 1870 adeo
1082 1797 1146 1866 [re-

138 1930 243 2001 quens
269 1921 332 1987 est,
357 1927 421 1999 qua
445 1904 485 1972 de
508 1932 543 1974 re
568 1903 783 1974 dixitDulrer.
806 1906 849 1973 ad
866 1905 956 1975 Flor.
971 1905 1027 1988 ΙΙΙ,
1044 1915 1076 1987 3,
1093 1905 1146 1976 14.

135 2009 312 2104 Reperitor
335 2025 445 2076 tamen
468 2009 556 2104 apud
575 2007 645 2078 Cic.
667 1998 712 2077 'ad
727 2011 795 2078 Au.
816 2011 841 2093 l,
861 2021 902 2085 10
918 2027 1010 2079 extu:
1034 2007 1145 2093 „Tol-

136 2114 213 2184 liola
235 2115 292 2182 tibi
316 2112 403 2180 diem
427 2112 496 2197 dat3
521 2138 716 2207 sponsorem
734 2115 912 2210 appellat.“
946 2115 1034 2184 Plin.
1050 2115 1146 2209 epist.

135 2218 196 2302 Vl,
221 2228 276 2301 31,
298 2226 337 2292 9:
382 2215 578 2302 „Reversus
603 2217 690 2286 diem
707 2219 868 2290 dederat“
892 2221 961 2312 (alii
984 2222 1145 2309 dixerut).

136 2322 177 2393 cf.
202 2320 299 2391 etiam
321 2321 376 2405 III,
394 2331 425 2407 9,
440 2331 494 2396 32.
517 2321 559 2406 X,
576 2331 629 2400 23,
647 2333 683 2407 33
708 2351 906 2422 quamquam
930 2328 1046 2395 horum
1070 2351 1144 2394 sen-

136 2456 193 2499 sus
218 2427 319 2524 paulo
348 2427 429 2495 alius
460 2443 518 2496 est.
564 2424 675 2497 Simile
706 2445 756 2497 est
779 2430 1016 2500 Terentianum
1039 2431 1144 2501 Andr.

134 2535 176 2620 ll,
201 2547 235 2619 1,
260 2544 318 2608 12:
361 2530 484 2615 Credo,
512 2536 693 2623 tmpetrubo
723 2547 758 2603 ut
785 2537 911 2630 dlipuot
938 2537 1057 2605 saltem
1085 2542 1144 2603 uu'-

130 2640 213 2731 ptiis
243 2640 371 2731 produit
403 2638 489 2714 dies,
528 2634 584 2704 ubi
612 2637 766 2711 Donatus
801 2642 936 2711 alterum
967 2668 984 2709 e
1013 2639 1143 2709 Lucilio

136 2743 241 2813 affert.
332 2808 335 2813 .

147 2852 150 2857 ’
226 2848 416 2939 Despondit
445 2847 590 2918 eiusdem
621 2848 749 2943 generis
779 2866 844 2934 est,
875 2876 891 2918 e
922 2874 987 2943 quo
1011 2845 1142 2919 Nonius

134 2953 355 3048 habetsereit
378 2969 410 3022 et
418 2953 542 3047 fulgit,
565 2953 700 3023 Pacuvii
723 2953 824 3047 ipsius
847 2978 976 3022 versum
999 2951 1141 3024 afferens

134 3087 163 3128 v.
178 3058 309 3154 fulgere
330 3071 481 3150 correpte
505 3059 620 3148 (Medi
645 3068 696 3133 13.
719 3058 849 3148 Both.).

383 3295 448 3367 111.
501 3291 636 3389 (noth.
667 3286 810 3367 notor:
832 3293 890 3389 t.)

224 3455 353 3528 Nonius
376 3482 408 3550 p.
433 3464 508 3530 505.
530 3456 652 3525 Mem:
698 3455 819 3539 „Sontt
840 3480 900 3550 pro
924 3470 1031 3523 sonat.
1076 3454 1143 3525 Ac·

133 3559 201 3649 eius
225 3560 390 3630 Aeneadis
414 3578 471 3630 aut
492 3560 616 3629 Decio:
659 3559 839 3645 „Clamore
864 3577 896 3629 et
919 3559 1039 3653 gemitu
1061 3576 1143 3629 tem·

131 3665 222 3760 plum
244 3666 369 3735 resonit
392 3665 552 3734 caelitum.
599 3665 690 3733 ldem
711 3665 838 3734 Finidis
862 3708 906 3721 —-
928 3664 1055 3734 Ennius
1072 3665 1142 3736 He·

133 3770 233 3841 cteris
262 3769 373 3866 Lytris
402 3815 444 3826 -
470 3769 635 3838 Pacuvius
662 3768 858 3840 Duloreste:
886 3813 930 3825 -
952 3814 996 3824 -
1018 3771 1142 3866 Hyme-

131 3901 248 3944 uucum
260 3876 416 3970 fremunt
444 3874 625 3968 Aequales,
655 3901 741 3944 eura
770 3877 893 3947 resonit
920 3877 1045 3967 crepitu
1071 3903 1141 3946 mu-

131 4005 210 4050 sico.
951 4012 955 4017 ·
