2566 4432
694 242 743 316 12

221 423 269 499 ln
293 417 505 519 tragoediis
525 418 743 496 Pacuvium
759 439 844 494 non
860 414 994 493 solum
1011 411 1234 518 palliatam

222 534 294 611 scd
333 535 450 612 etiam
492 547 665 631 togatam
697 544 1053 633 praetextatumque
1081 540 1227 605 tracta·

221 649 322 725 visse
346 648 479 751 ipsum
504 670 656 722 nomen
672 648 804 733 Pauli,
831 670 853 722 e
879 655 1136 747 quoservata
1153 641 1226 719 hass

220 763 364 841 bemus
388 762 607 860 fragmenta
628 760 712 858 ²⁷),
737 759 855 836 nobis
879 755 1099 861 persuadet
1211 822 1217 831 ,

222 954 225 959 a
323 877 548 954 Comoedias
574 898 739 977 quoque
762 873 896 951 Nostri
914 871 1110 973 appellant
1128 869 1223 947 scri·

221 1005 371 1092 ptores
396 1013 520 1092 pauca
545 987 752 1065 afferentes
776 987 1004 1085 fragmenta,
1030 988 1224 1064 eMerca-

221 1120 309 1192 tore,
330 1106 545 1190 Pseudone,
570 1105 787 1189 Tarentilla,
816 1103 1082 1189 Tunicularia,
1108 1123 1225 1202 quae,

221 1232 268 1294 ut
304 1218 388 1320 ipsa
420 1218 586 1295 nomina
618 1215 782 1307 docent,
820 1213 1055 1294 comoediae
1077 1213 1225 1315 ,potius

222 1356 346 1432 quam
382 1329 608 1430 tragoediae
639 1346 740 1406 sunt.
803 1337 936 1425 Quare
966 1329 1095 1406 nolim
1125 1352 1225 1405 cum

175 1472 180 1481 ·
221 1444 369 1522 Bothio
391 1445 452 1542 ²⁸)
476 1444 643 1521 Mcrceri
668 1443 883 1520 sententiae
909 1443 960 1518 de
985 1447 1132 1533 Nostro
1157 1443 1223 1542 29)

223 1557 462 1658 adstipulari,
485 1557 705 1633 Pacuvium
731 1556 960 1633 comoedias
986 1581 1071 1638 nun
1094 1546 1228 1655 magis

223 1672 421 1772 scripsisse
452 1698 574 1774 quam
607 1671 827 1770 tragoedias
861 1669 1104 1748 Terentium.
1171 1668 1229 1751 ut

89 1796 96 1813 ’
224 1787 332 1863 enim
356 1811 428 1888 per
452 1812 494 1863 se
518 1811 604 1864 nou
628 1787 825 1861 absonum
844 1797 901 1861 est
917 1806 1109 1881 magnum
1125 1786 1225 1887 poe

158 1904 161 1910 ’
222 1912 304 1976 tam
336 1900 562 1998 tragoediae
594 1924 719 2000 aeque
752 1924 796 1975 ac
826 1898 1060 1976 comoediae
1084 1924 1225 2000 parem

224 2038 308 2090 esse
320 2013 389 2109 30),
407 2039 653 2115 quamquam
671 2012 846 2114 exempla
863 2010 1098 2090 huiusmodi
1114 2012 1225 2114 apud

226 2133 397 2204 Graecos
440 2127 634 2203 habemus
678 2152 819 2228 pauca,
867 2127 971 2202 inter
1014 2124 1225 2205 Romanos

225 2311 427 2331 m

303 2420 363 2500 27)
403 2421 575 2502 Fragmenta
594 2418 675 2481 Pauli
694 2419 879 2502 reperiuntur
898 2419 973 2501 apud
992 2417 1070 2480 Non.
1089 2440 1138 2479 rr.
1154 2438 1226 2500 pro·

221 2507 311 2600 genii.
337 2517 420 2580 nivit.
446 2514 524 2576 Geli.
551 2516 650 2576 Noctt
670 2514 733 2576 Au
750 2517 806 2593 IX,
827 2518 874 2576 14.
894 2513 1028 2575 Priscian.
1048 2512 1226 2575 l.v1..init

224 2611 356 2698 Macrob.
381 2613 442 2673 Sat.
469 2613 489 2670 6
496 2654 505 2688 ,
523 2613 552 2672 5.
595 2612 642 2673 De
666 2612 813 2697 tragoedia
836 2622 1013 2692 praetextata
1034 2608 1071 2670 cf.
1090 2607 1228 2671 Diomed.

224 2726 255 2787 p.
275 2706 470 2769 castraneti.

304 2837 364 2917 28)
403 2863 432 2922 p.
453 2839 518 2900 142.
540 2838 670 2924 sragmm.
690 2853 784 2925 tragg.
804 2840 840 2900 ad
858 2839 1049 2902 Pseudonem.

304 2967 367 3047 29)
408 2969 531 3033 Mercer.
551 2995 581 3054 p.
601 2974 668 3034 211.
688 2973 719 3034 in
738 2973 815 3035 notis
833 2973 870 3034 ad
888 2972 1026 3034 Nonium.

304 3102 364 3181 3⁰)
405 3102 500 3182 Quid,
534 3105 612 3186 qnod
644 3104 727 3167 Plato
758 3105 844 3167 etiam
874 3103 1023 3166 contendit
1047 3102 1087 3163 ita
1112 3121 1229 3164 necesse

226 3197 298 3260 esse!
320 3200 353 3258 In
373 3199 452 3261 cuius
473 3200 626 3282 Symposio
647 3214 719 3262 extr.
741 3200 810 3262 dicit
824 3202 971 3262 Socrates:
1004 3205 1061 3260 'rod
1078 3191 1167 3258 adrat·
1178 3193 1228 3256 ἆυ-

226 3288 286 3372 dgds
308 3289 373 3355 sisar
398 3293 539 3376 cuppedias
563 3299 610 3356 sai
637 3291 789 3377 rguypda'us
815 3292 973 3357 infrendas
996 3297 1093 3369 ποιεῖν,
1112 3298 1161 3355 καὶ
1180 3286 1228 3354 eds

225 3391 309 3469 ‘rim
334 3384 536 3470 rgaypdomads
553 3384 620 3451 duras
638 3395 684 3451 aaut
703 3385 893 3471 sapapdmads
906 3388 981 3456 εἶναι.
1019 3387 1230 3450 Graecostalia

225 3503 286 3541 non
306 3483 403 3546 tulisse
424 3488 581 3550 ostendunt
596 3485 803 3568 A'ristophanes
817 3499 848 3548 et
861 3485 1000 3570 Agathou
1013 3484 1230 3546 obdormiscen-

224 3589 278 3638 tes.
319 3577 405 3660 Apud
425 3583 600 3645 recentiores
619 3582 691 3643 nihil
712 3581 900 3663 frequentius.
947 3581 996 3642 Ad
1016 3579 1144 3641 Platonis
1163 3599 1230 3640 sen-

218 3673 343 3734 tentiam
376 3694 456 3738 recte
484 3677 698 3761 intelligendam
729 3698 894 3760 comparare
925 3675 994 3738 licet
1024 3676 1111 3737 eiusd.
1136 3676 1229 3759 Legg.

107 3820 108 3823 ,
217 3767 274 3833 ,1ἰΙ).
301 3770 366 3830 vn.
398 3793 427 3853 p.
453 3772 521 3833 816.
549 3773 649 3856 Steph.
677 3773 764 3852 (757.
790 3771 949 3850 Bekkcr.)‚
988 3765 1067 3833 “Aura
1093 3763 1152 3853 wig
1180 3796 1229 3842 νῦ·

225 3863 302 3927 >rodus
328 3859 366 3926 aad
384 3863 529 3928 exaurata
551 3872 604 3928 nasi.
625 3864 733 3931 arderet
759 3876 811 3930 vait
834 3865 955 3932 isnardus
977 3862 1016 3930 vd
1040 3864 1148 3930 ἐναντία
1169 3893 1229 3947 μι-

224 3966 284 4028 θιῖέ
299 3967 347 4041 μὲν
367 3959 397 4024 ον’
416 3957 537 4024 tanavd».
556 3972 612 4026 etc.
