2566 4432
569 254 617 332 to

92 450 195 512 vetat
224 435 267 513 in
298 434 373 515 hac
402 432 660 535 potissimum
691 432 827 533 quaeri
845 432 975 525 illud,
1011 462 1097 540 ¹quo

81 549 305 653 ‚vituperari
339 546 508 624 meruit?
555 551 688 624 Immo
714 546 756 620 in
782 546 856 623 hac
879 574 1006 649 paene
1031 577 1099 629 ne·

94 666 308 742 cessarium
344 653 421 739 luit
456 676 622 763 propter
658 662 786 738 varios
825 687 954 753 casus,
995 691 1099 768 quos
1172 661 1177 679 ’

90 802 287 882 personae
313 791 402 854 ante
426 790 586 878 tempus
611 773 743 854 fabula
762 794 1100 880 repraesentatum

93 909 210 971 erant,
229 914 446 996 perpessae.

570 1083 622 1144 IV.

189 1219 295 1291 Haec
325 1213 369 1288 in
400 1211 633 1289 universum
665 1213 963 1314 praemonenda
992 1215 1101 1292 vide·

91 1327 246 1404 bantur.
310 1329 455 1430 Accipe
496 1329 577 1403 iam
616 1343 900 1432 argumentum
935 1326 1101 1419 fabulae,

94 1457 288 1545 quatenus
314 1441 569 1542 cognoscitur
594 1466 639 1517 ex
669 1439 987 1540 fragmentorum
1014 1469 1101 1523 suc-

93 1558 272 1655 cessione
298 1582 341 1632 ea
367 1583 470 1658 quae
497 1557 696 1657 aptissima
721 1557 841 1632 nobis
866 1557 947 1633 visa
973 1573 1040 1634 est.

189 1671 419 1772 Iphigeniae
455 1670 576 1766 igitur
613 1692 634 1744 e
672 1669 844 1769 prologo
880 1676 975 1746 sunt
1004 1671 1101 1748 haec
1217 1698 1219 1703 ·

527 1948 529 1952 Α
587 1955 612 2008 Ι.

101 2060 322 2160 ,Βεερόηεα
346 2059 547 2157 explanat:
572 2058 736 2134 ma'ndat
760 2085 808 2135 ne
831 2061 1057 2162 multisunt
1150 2119 1151 2122 ,

123 2172 390 2273 Cogno'scendi
411 2199 587 2277 unquam
611 2186 681 2248 aut
705 2176 913 2251 contuendi
932 2176 1052 2276 cupita

93 2366 284 2470 Explanat
310 2393 500 2471 responsa
527 2365 707 2456 Calchas,
741 2368 810 2469 qui
835 2369 1101 2468 Agamemno·

94 2506 189 2557 nem
224 2481 337 2557 iubet
373 2507 461 2557 rem
498 2481 553 2557 ita
589 2481 812 2570 instituere,
859 2507 910 2558 ne
950 2484 1101 2582 Clytae-

94 2610 268 2672 mnestra
297 2595 347 2672 de
376 2622 469 2673 vero
497 2595 665 2670 consilio
692 2596 924 2696 nuptiarum
958 2597 1103 2674 certior

95 2707 180 2796 fiat3
217 2734 311 2785 nam
343 2734 431 2786 eam
464 2710 734 2787 narrationem
766 2739 787 2788 a
818 2713 989 2788 Pacuvio
1020 2712 1101 2787 hoc

96 2823 188 2901 loco
215 2848 299 2900 esse
325 2824 552 2913 adhibitam,
579 2849 658 2924 qna
685 2824 991 2925 Clytaemnestra
1016 2849 1101 2900 non

94 2937 208 3036 Argis
237 2938 399 3027 mansit,
433 2938 503 3014 sed
528 2938 716 3017 Aulidem
748 2941 922 3030 accessit,
956 2939 1102 3017 docere

95 3052 254 3129 videtur
286 3051 552 3151 fragmentum
589 3054 720 3145 statim
757 3078 938 3154 sequens.
1002 3052 1101 3155 Ipsis
1174 3049 1180 3058 '

95 3167 226 3243 verbis
251 3166 394 3243 similia
420 3182 513 3243 sunt
538 3193 583 3244 ex
608 3167 814 3245 Aulidensi
839 3171 929 3244 530:

218 3404 268 3418 -
292 3349 319 3439 ἂ
345 3355 506 3464 Κιίλχας
529 3355 692 3465 θέσφατ’
715 3353 933 3462 ἐξηγήσατο,

98 3571 137 3632 et
161 3561 233 3634 539
259 3584 359 3660 sqq.:

143 3739 178 3829 ‘lv
201 3780 263 3848 μοι
289 3738 475 3853 φύλαξον,
499 3744 694 3843 Μενέλεως,
719 3749 794 3835 dari
817 3722 971 3860 roganda

146 3860 285 3951 ἰλθαῗν,
310 3853 411 3954 ὅπως
437 3852 481 3945 (ἓν
505 3863 560 3964 pt
584 3869 888 3972 Κλυταιμνήστρα
912 3854 1004 3944 stile

144 3973 272 4081 μέθῃ,
298 3973 379 4086 πρὶν
402 3969 488 4080 nlla
514 3969 623 4059 πῖθ’
645 3977 729 4079 tata
753 3970 924 4086 προσθὸ
940 3969 1081 4077 λαβών.
