2566 4432
1089 234 1131 290 x1

135 389 388 493 quantumvis
419 388 555 464 laceris
590 389 851 488 assignaretur
882 388 1011 477 loeus,
1046 414 1129 491 quo

134 528 254 626 poeta
280 547 344 599 eas
367 534 566 623 posuerat,
598 521 802 599 interdum
834 546 854 597 e
878 522 1007 598 verbis
1036 522 1132 622 ipsis

136 671 281 744 certus,
319 655 558 756 plerumque
595 657 818 731 coniectura
852 654 988 732 callida
1021 679 1132 757 repe-

135 789 316 876 riendus,
349 789 427 865 hoc
457 811 598 863 vereor
621 812 673 863 ne
697 788 833 864 multis
866 788 1055 864 audacius
1088 813 1132 863 ac

135 923 254 1024 plane
279 921 480 997 'temerarii
514 908 691 1008 hominis
722 946 805 997 esse
829 922 1017 1000 videatur.
1066 923 1132 997 Aa·

136 1069 269 1131 tamen
293 1054 488 1152 intelligo,
515 1053 588 1128 hac
613 1067 767 1130 tantum
792 1055 852 1131 via
879 1054 1032 1156 assequi
1057 1079 1132 1129 nos

136 1213 267 1289 posse,
298 1201 343 1263 ut
367 1191 509 1288 poetae
533 1187 666 1284 imago
693 1200 732 1261 et
755 1187 871 1274 rati0‚
905 1213 983 1287 qua
1009 1201 1133 1261 artem

137 1345 250 1395 suam
275 1321 503 1406 tractaverit,
533 1333 620 1394 ante
646 1319 828 1394 animum
854 1332 1036 1393 nostrum
1062 1342 1134 1418 po-

136 1467 262 1528 natur.
304 1456 423 1547 Quae
442 1476 535 1552 cum
559 1452 609 1526 ita
637 1451 724 1539 sint,
749 1451 971 1552 periculum
990 1450 1135 1526 facien·

125 1585 237 1660 dum
264 1609 347 1660 esse
376 1585 528 1672 censui,
560 1609 773 1686 quousque
803 1585 846 1659 in
875 1584 958 1660 'hoc
991 1606 1135 1683 genere

136 1716 324 1818 progredi
349 1717 516 1817 impune
539 1717 682 1793 liceret.
942 1703 945 1712 ’

233 1853 319 1923 Iam
336 1862 383 1922 ut
401 1847 586 1944 eligerem
599 1824 755 1922 Pacuvii
775 1846 1026 1923 Dulorestem
1047 1862 1136 1924 ante

139 1978 310 2079 reliquas
340 1978 491 2056 fabulas
520 1970 786 2067 tractandum,
820 1983 1040 2057 commovit
1069 2006 1136 2057 me

138 2093 224 2188 tum
249 2112 449 2213 ipsorum,
482 2138 584 2216 quae
599 2112 658 2188 ad
683 2112 798 2187 illum
824 2114 1035 2214 pertinent,
1052 2113 1136 2190 sra-

101 2342 112 2359 l
136 2260 393 2344 gmentorum
412 2246 534 2348 copia,
559 2260 647 2321 tum
668 2245 820 2342 egregia
836 2247 1136 2335 commentatio,

136 2379 266 2455 brevis
299 2377 482 2481 quidem,
522 2377 593 2453 sed
626 2377 850 2479 eruditione
884 2392 922 2453 et
954 2380 1137 2454 acumine
1233 2354 1234 2358 Ἴ

136 2512 263 2614 plena,
289 2509 479 2612 quamde
504 2511 577 2586 hac
594 2510 752 2587 Pacuvii
776 2510 977 2608 tragoedia
1002 2512 1137 2587 lectio-

67 2683 69 2687 ·
138 2643 521 2720 numBonnensium
535 2644 712 2743 catalogo
728 2643 887 2743 (hiemis
900 2644 1136 2757 Ilm-23.)

137 2777 340 2877 praemisit
363 2776 535 2854 Naekius
559 2778 609 2875 ')‚
642 2778 703 2852 vir
736 2777 779 2851 in
809 2777 872 2852 his
903 2777 1023 2852 rebus
1052 2800 1137 2850 ver-

138 2910 364 2986 satissimus.
413 2913 499 2986 Hoc
526 2910 633 2985 enim
658 2911 754 2997 viro,
780 2933 958 3010 quocum
982 2909 1024 2982 in
1048 2907 1137 3009 piu-

138 3043 249 3118 rimis
274 3067 362 3118 mea
390 3041 538 3118 dehac
563 3040 696 3119 sabula
721 3041 906 3118 convenit
936 3041 1136 3127 sententia,

141 3175 243 3252 duce
280 3175 403 3250 tutius
441 3176 595 3278 primos
632 3199 786 3273 gressus
818 3173 946 3249 facere
981 3170 1137 3257 licebat3
1246 3198 1248 3202 ’

140 3307 288 3384 deinde
311 3308 479 3410 reliqua,
505 3308 606 3384 meis
630 3307 753 3408 ipsius
778 3306 926 3381 viribus
953 3302 1148 3392 confisus·

141 3466 298 3539 summa
325 3465 418 3518 cum
444 3440 707 3531 oblectatione
730 3450 958 3542 persecutus
984 3463 1084 3513 sum.

221 3662 251 3739 r)
292 3662 349 3722 Hic
369 3661 443 3723 enim
463 3673 565 3723 auctor
584 3671 638 3737 est,
657 3679 717 3720 non
729 3657 921 3734 Heinrichius‚
941 3677 1027 3737 quem
1038 3656 1139 3735 Lange

142 3756 172 3815 in
196 3758 353 3838 scriptione
382 3757 606 3838 exoptatissima,
636 3778 720 3836 quam
744 3756 780 3815 de
805 3752 943 3813 Vindiciis
975 3749 1157 3834 tragoediae.

143 3853 289 3915 Romanae
308 3866 374 3914 ante
393 3851 509 3932 aliquod
530 3865 641 3933 ternpus
662 3851 764 3929 edidit,
784 3850 825 3912 bis
845 3863 927 3911 terve
947 3845 1048 3908 laudat
