2566 4432
620 243 691 316 1⁰3

150 411 259 483 Poro
282 426 324 482 et·
336 410 422 506 apud
445 408 585 481 Scriver.
606 411 766 507 reperitur
784 411 869 481 inter
889 413 1019 484 lncertt.
1040 412 1148 484 Pacu-

150 518 194 587 vii
217 517 342 610 Tragg.
366 517 420 571 '-
451 514 583 585 Delrius
613 516 674 584 snb
698 515 879 587 Hermiona
906 518 992 589 hunc
1020 545 1149 589 versum

149 620 272 690 laudat.
320 620 449 690 Eodem
479 619 579 690 modo
611 619 753 689 Bothius
780 645 813 714 p.
843 626 916 696 124.
942 623 1058 691 iterum
1087 625 1160 694 sub'

149 725 345 817 Hermiona,
374 741 548 820 postquam
569 750 602 819 p.
627 733 700 798 122.
727 724 793 791 iam
813 723 983 796 Duloresti
1004 727 1147 797 vindica·

149 829 211 912 vit3
246 827 298 896 c'ui
330 826 459 898 fabulae
493 828 744 898 adscribendum
763 854 851 899 -esse
883 831 1147 900 verisimillimum

149 949 209 1002 est.
237 929 323 1000 Nam
344 930 378 998 in
400 931 581 1001 Hermiona
604 959 671 1002 non
696 948 746 1001 est
768 958 862 1002 soror
884 932 997 1003 Oresti
1018 935 1146 1028 ignota3

150 1036 226 1105 olim
248 1035 412 1104 Electram
434 1037 576 1130 agnovit,
603 1036 662 1106 sed
685 1037 765 1106 haec
788 1038 840 1106 vix
861 1056 1001 1134 possunt
1021 1039 1056 1107 in
1076 1038 1146 1108 Du·
1244 1128 1246 1133 .

146 1140 266 1209 loreste
289 1140 427 1225 narrari;
457 1156 553 1208 atne
577 1139 610 1207 in
633 1140 814 1211 Hermiona
837 1143 969 1238 quidem
992 1159 1069 1237 apte
1090 1142 1148 1212 illa

148 1244 189 1314 de
222 1261 314 1338 rapto
348 1242 478 1312 Dianae
507 1243 670 1314 Tauricae
705 1247 879 1317 simulacro
913 1262 1146 1341 repeterentur.

146 1347 284 1430 Accedit
311 1348 399 1444 quod
428 1346 578 1430 Servius,
610 1375 706 1443 quem
734 1349 769 1418 in
801 1351 995 1420 enarrandis*
1013 1350 1146 1421 Orestis

145 1451 220 1520 fatis
252 1451 432 1521 Pacuvium
464 1451 627 1521 interdum
663 1454 825 1548 respicere
863 1480 962 1549 snpra
996 1454 1146 1537 vidimus,

144 1555 225 1624 haec
259 1555 358 1625 habet
390 1556 432 1625 ad
461 1557 543 1628 Aen
566 1557 607 1639 ll,
633 1565 711 1632 116:
739 1599 810 1641 „-
842 1557 1069 1627 -translata
1103 1558 1146 1626 ad

146 1658 324 1741 Tauricam
344 1659 512 1752 regionem
535 1659 604 1752 regi
624 1659 772 1730 Thoanti
794 1660 910 1727 tradita
933 1677 992 1729 cst.
1028 1659 1143 1730 Sacer-

145 1764 206 1834 dos
229 1765 317 1833 facta
339 1762 479 1833 Orthiae
500 1762 641 1835 Dianae.
680 1761 765 1832 Cum
788 1763 969 1833 secundnm
992 1781 1146 1835 statutam

145 1868 414 1937 consuetudinem
453 1867 599 1936 humano
638 1867 796 1962 sanguine
835 1894 957 1936 numen
991 1867 1145 1961 placaret,

114 1972 275 2066 ognovit
293 1974 440 2061 fratrem
467 1971 633 2048 Orestem,
665 1975 722 2066 qui
750 1965 887 2066 accepto
913 1971 1060 2056 oraculo,
1090 1998 1143 2043 ca·

142 2075 237 2145 rendi
266 2073 383 2144 furoris
414 2099 513 2144 causa
547 2075 662 2170 [plane
691 2077 820 2170 gemina
851 2075 1076 2170 exscripsimus
1104 2104 1143 2146 ex

144 2180 261 2250 eodem
283 2178 398 2248 Servio
420 2203 496 2274 pag.
519 2189 590 2261 33.]
621 2207 694 2248 ιιιιιι
716 2179 840 2272 Pylade
865 2179 970 2248 amico
995 2176 1142 2250 Colchos

141 2285 292 2378 petierat3
317 2300 347 2352 et
364 2309 438 2352 cum
455 2283 504 2351 his
527 2282 637 2351 occiso
656 2281 822 2365 Thoante,
845 2281 1051 2353 simulacrum
1069 2309 1160 2354 sus--

141 2387 213 2457 tnlit
246 2387 472 2456 absconditum
504 2384 601 2455 fasce·
634 2384 835 2478 lignorum.“
902 2384 994 2454 Haec
1021 2404 1140 2473 tamen,

141 2491 208 2560 sive
239 2488 458 2573 Naelrianam,
493 2489 559 2559 sive
593 2506 739 2557 nostram
773 2489 813 2558 de
845 2487 929 2557 exitu
955 2488 1140 2562 Dulorestis

140 2594 335 2663 sententiam
356 2593 560 2689 probaveris,
591 2620 607 2661 e
630 2591 777 2667 Pacuvio
801 2593 898 2662 ducta
921 2618 995 2662 esse
1018 2621 1140 2690 neque-

73 2760 77 2773 ,
137 2715 215 2779 unt,·
237 2698 325 2794 quod
348 2699 388 2768 de
414 2696 547 2767 Colchis
572 2697 648 2766 dicit
668 2695 811 2782 Servius,
834 2696 897 2766 nisi
919 2698 1039 2768 menda
1062 2700 1137 2769 suh·

140 2818 209 2887 est,
238 2802 534 2897 apertosomniat.
588 2801 740 2897 Denique
767 2801 822 2870 illa
849 2803 945 2871 turbu
974 2803 1037 2875 alia
1066 2830 1139 2877 esse

138 2906 201 2978 nisi
223 2906 322 2990 chori,
349 2934 445 3002 quem
468 2905 636 2981 Duloresti
658 2932 726 2974 uon
750 2905 893 2976 defuisse
917 2906 992 2978 hinc
1014 2909 1140 2979 videtur

137 3011 277 3106 liquere,
307 3037 375 3080 uon
397 3027 516 3107 potest.
559 3011 656 3105 Isque
686 3009 855 3079 mulierum
884 3010 979 3081 luerit
1000 3038 1137 3083 necesse

139 3133 204 3194 est,
233 3115 331 3211 plane
353 3132 390 3184 ut
412 3113 616 3208 Euripideus.
660 3103 854 3198 Praeterea,
881 3115 1001 3211 siquis
1025 3142 1138 3186 vocem

137 3231 260 3314 agnota
281 3245 427 3314 premere
450 3217 541 3303 velit,
568 3218 645 3289 inde
670 3218 820 3289 concludi
842 3218 964 3312 possit,
993 3236 1029 3288 ut
1049 3220 1137 3314 apud
1197 3236 1201 3243 '

137 3324 344 3418 Euripidem,
380 3322 424 3392 ita
455 3323 508 3393 hic
539 3321 694 3392 Orestem
727 3322 815 3417 prius
842 3322 1029 3409 rescivisse,
1062 3351 1137 3394 cum

136 3428 307 3523 Iphigenia
329 3451 365 3497 se
388 3425 494 3522 loqui,
524 3453 621 3522 quam
648 3426 704 3495 illa
729 3425 859 3495 fratrem
882 3426 1010 3503 adesse.
1056 3425 1134 3518 Quo

137 3531 257 3600 indicio
285 3531 465 3600 secundum
486 3529 666 3600 Pacuvium
689 3528 827 3599 Orestes
858 3556 1004 3601 sororem
1032 3556 1134 3626 agno-

137 3634 233 3718 verit,
266 3659 334 3702 non
367 3650 477 3730 potest
507 3660 568 3730 pro
597 3650 685 3704 certo
717 3633 884 3718 affirmari,
918 3636 1006 3730 quod
1034 3661 1135 3730 snpra

136 3738 323 3833 posuimus,
351 3757 462 3832 aptum
488 3738 699 3808 iudicavimus
728 3736 845 3810 rationi
874 3738 1041 3810 universae
1069 3757 1133 3810 tra·

137 3843 274 3936 goediae
297 3859 448 3928 nostrae,
477 3843 512 3913 in
535 3869 600 3939 qua
627 3842 706 3912 nihil
727 3843 869 3939 reperias
894 3843 1027 3914 callidae
1049 3843 1132 3912 illius

137 3946 392 4044 tranquillitatiS‚
422 3972 487 4044 qua
513 3949 601 4045 apud
623 3947 810 4044 Euripidem
839 3947 936 4017 utitm
956 3946 1133 4044 Iphigenia.
