2566 4432
559 315 565 331 ‚
647 221 697 297 24

183 418 271 480 erne
299 409 653 483 commemoratur,
682 396 803 471 verbo
831 394 997 492 attigisse
1022 391 1186 485 sufficit,

186 532 208 583 a
240 505 389 582 Naekio
422 508 512 584 satis
543 508 762 585 refirtatam.
812 512 942 588 Maior
968 507 1186 584 difficultas

187 631 245 694 est
266 618 309 693 in
324 619 453 721 prima
472 623 649 698 nominis
665 622 820 719 syllaba.
860 627 964 700 Nam
979 623 1069 698 libri
1086 647 1186 699 mse.

186 733 330 835 partim
345 735 575 823 Dulorestm,
589 736 733 838 partim
749 737 967 815 Dulorestes
986 736 1185 824 exhibent,

187 846 389 924 interdum
406 848 571 950 abrupte
583 852 692 927 Dulo
709 851 770 926 vel
786 853 892 928 Dolo
909 850 1185 954 praebent-⁵⁴).

186 964 324 1062 ltaque
355 961 515 1037 alteram
548 965 798 1065 scripturam,
830 965 872 1039 in
900 990 977 1066 qua
1002 963 1093 1040 libri
1117 989 1187 1040 ve-

187 1076 279 1150 tusti
296 1074 379 1150 sere
397 1079 659 1167 consentiunt,
675 1079 847 1156 Naekius
860 1088 872 1128 ⁵
884 1079 918 1176 ⁵)
938 1104 982 1153 ex
1000 1103 1048 1154 eo
1067 1103 1188 1155 more

187 1202 317 1299 ortam
343 1213 426 1266 esse
451 1207 591 1282 censet,
617 1219 700 1300 quo
724 1195 895 1270 litteram
917 1222 940 1269 o
957 1192 1190 1293 scripserint

190 1302 355 1404 quidam
393 1309 467 1402 pro
503 1335 530 1380 u
559 1308 621 1380 vel
652 1331 788 1402 graeca
820 1335 878 1395 ου,·
920 1308 1000 1382 hoc
1036 1303 1203 1381 deinde

188 1408 370 1488 librarios
387 1416 530 1516 cupide
547 1418 757 1518 arripuisse
776 1442 819 1491 ac
835 1418 1016 1504 tenuisse,
1034 1432 1081 1492 ut
1097 1419 1188 1518 qui·

188 1526 265 1600 bus
299 1527 483 1605 Latinum
514 1553 665 1606 nomen
697 1534 808 1607 dolus
840 1530 1092 1606 obversatum
1125 1533 1189 1608 sit.

191 1781 248 1844 τοῖς
263 1774 440 1860 ingenuitate
456 1776 503 1846 erit
520 1785 608 1850 γαλῆν
626 1775 701 1854 δέξαι
719 1783 803 1851 λέγιιν
821 1775 854 1840 vd
873 1776 955 1854 ζὸου
979 1773 1043 1838 ι’λὶῖ
1061 1772 1125 1848 crixi
1144 1769 1189 1835 ul

190 1871 315 1944 γιληνοί.
339 1879 437 1935 πολλὰ
454 1880 502 1954 μὲν
522 1868 565 1936 ab
583 1869 653 1937 oded
670 1873 808 1949 delicatius
825 1881 878 1936 ro'it
896 1879 1036 1952 κομικὸι,
1057 1869 1188 1951 'Agra-re·

191 1961 277 2042 φᾶνης
299 1971 394 2049 (Rau.
414 1971 483 2033 ³05.
503 1971 566 2049 sq.)
587 1975 634 2029 nal
653 1965 792 2051 Στςοῖττις
810 1974 833 2029 it
850 1962 1112 2048 Ἀνθςωποξὲαἶπῃ
1130 1977 1189 2028 cet.

191 2061 237 2122 Ex
257 2062 313 2123 hoc
331 2063 441 2122 fabulae
460 2062 547 2123 titulo
568 2065 714 2142 quomodo
734 2066 826 2125 Henr.
839 2061 941 2142 Steph.
954 2060 1104 2144 collegerit
1116 2059 1191 2121 illud

194 2155 229 2216 de
246 2156 406 2217 Pacuviano
420 2145 587 2236 Duloreste,
605 2157 740 2219 hariolari
758 2158 831 2218 nihil
849 2158 965 2228 attinet;
984 2154 1108 2216 Naekius
1120 2154 1192 2237 (1.1.Ι

193 2273 222 2332 p.
241 2250 291 2328 11.)
310 2250 367 2312 hoc
387 2264 475 2329 recte,
494 2252 566 2312 nihil
585 2275 650 2314 cum
663 2253 807 2334 Euripidis
821 2252 926 2313 Oreste
938 2271 1090 2314 commune
1101 2249 1189 2312 fuisse

193 2345 340 2407 Strattidis
358 2343 620 2430 Ἀνθςοπιξξαίστῃ
638 2361 753 2428 praeter
773 2348 829 2409 hoc
848 2369 951 2424 unum,
972 2347 1050 2427 quod
1069 2346 1188 2408 Strattis

193 2441 289 2503 obiter
307 2445 509 2524 perstrinxerit
528 2443 611 2502 illud:
630 2450 718 2512 yenit
737 2437 799 2523 0⁸33.

269 2573 327 2651 54)
367 2575 441 2635 Scal.
466 2576 497 2635 in
523 2575 682 2635 Varronem
706 2586 777 2634 tom.
800 2575 836 2632 ll.
860 2595 891 2655 p.
915 2573 984 2634 347.
1003 2570 1054 2631 ins.
1073 2571 1117 2632 ed.
1135 2572 1189 2632 Bi-

193 2680 279 2749 pont:
305 2670 341 2728 In
364 2667 544 2754 Duloreste]
570 2669 692 2752 „Vulgo
716 2671 752 2729 In
778 2670 864 2729 Dolo.
907 2669 1017 2728 Forsan
1036 2680 1098 2728 erat
1116 2670 1190 2729 scri-

192 2775 275 2844 ptum
295 2766 325 2822 in
341 2767 442 2832 Odolo,
480 2768 554 2828 Nam
574 2767 612 2826 ita
632 2764 737 2825 citatur
757 2763 894 2825 Caecilius
913 2762 1114 2843 compendiose
1130 2784 1189 2842 pro

181 2857 379 2921 Obolostate:
405 2883 488 2940 quam
513 2863 597 2922 etiam
623 2860 798 2921 comoediam
821 2860 923 2920 Latine
947 2870 1051 2920 vocant
1074 2858 1191 2918 Foene-

191 2965 326 3015 ratorem.
364 2956 476 3016 Eodem
495 2957 582 3017 modo
602 2957 631 3015 in
651 2956 741 3020 Nonii
760 2954 839 3016 libris
859 2955 965 3016 calamo
986 2954 1104 3016 exaratis
1117 2951 1190 3014 cita-

192 3062 242 3111 tur
260 3050 398 3128 Bacurius
418 3051 446 3109 in
464 3050 561 3128 Dolo,
580 3071 635 3132 pro
655 3050 841 3110 Duloreste.“
879 3051 958 3110 Haec
978 3049 1031 3127 (ut
1052 3049 1188 3128 videtur)

194 3140 280 3209 verba
303 3147 426 3208 Naelcius
452 3141 480 3226 p'.
500 3148 535 3207 ll.
555 3146 605 3205 inl.
626 3146 666 3205 ita
684 3144 840 3222 intellexit,
861 3146 939 3225 quasi
959 3143 1087 3227 Scaliger
1107 3164 1189 3204 com-

169 3231 326 3323 pendium
356 3241 491 3322 loquendi
521 3261 582 3301 esse
606 3241 709 3301 dixerit
732 3240 803 3299 illud
827 3239 921 3311 Dolo,
946 3261 1010 3299 cum
1029 3240 1189 3320 scripturae

191 3348 303 3397 tantum
333 3336 608 3418 compendium‘sit‚
639 3357 732 3416 eoque
756 3335 873 3395 nomine
897 3334 977 3393 illum
1003 3333 1190 3415 reprehendit

192 3430 304 3490 iniuria.
343 3431 478 3492 Ceterum
497 3433 667 3490 Dulorestes
686 3441 729 3491 est
748 3430 778 3489 iu
798 3431 862 3491 edd.
884 3430 1015 3490 omuibus
1034 3430 1095 3489 lere
1117 3428 1189 3488 scri-

192 3537 286 3607 ptum;
314 3525 484 3587 Dulorestes
508 3529 537 3586 in
562 3548 626 3586 mss.
649 3525 786 3586 Prisciani
809 3548 853 3606 ap.
878 3524 978 3587 Krehl.
1003 3545 1031 3604 p.
1056 3522 1131 3597 208,
1155 3523 1188 3582 in

192 3619 332 3680 Varronis
356 3620 391 3680 de
415 3619 434 3678 l.
456 3621 474 3680 l.
500 3621 581 3680 codd.
606 3620 815 3680 recentioribus
836 3621 920 3696 (nam
944 3621 974 3678 iu
993 3616 1188 3680 vetustissimis

191 3726 235 3776 est
259 3715 288 3773 iu
308 3715 405 3787 Dolo,
429 3727 463 3774 ut
486 3714 576 3776 Nonii
602 3715 685 3775 codd.
704 3715 811 3777 habent
831 3714 977 3797 Scaligero
998 3712 1100 3790 teste.)
1141 3711 1187 3773 Cf.

190 3831 261 3892 quae
281 3809 413 3870 dicentur
432 3811 466 3870 ad
487 3809 521 3870 ir.
542 3811 564 3868 l.
606 3848 610 3853 -

264 3941 322 4020 55)
362 3940 512 4002 Dissertat.
533 3963 560 4021 p.
582 3941 631 3999 tv.
652 3941 702 4001 inf.
