<?xml version="1.0" encoding="UTF-8"?>
<!DOCTYPE html PUBLIC "-//W3C//DTD XHTML 1.0 Transitional//EN"
    "http://www.w3.org/TR/xhtml1/DTD/xhtml1-transitional.dtd">
<html xmlns="http://www.w3.org/1999/xhtml" xml:lang="en" lang="en">
 <head>
  <title>
</title>
<meta http-equiv="Content-Type" content="text/html;charset=utf-8" />
  <meta name='ocr-system' content='tesseract 3.04.00' />
  <meta name='ocr-capabilities' content='ocr_page ocr_carea ocr_par ocr_line ocrx_word'/>
</head>
<body>
  <div class='ocr_page' id='page_1' title='image "./demracuviidulor00stiegoog_0034.png"; bbox 0 0 2566 4432; ppageno 0'>
   <div class='ocr_carea' id='block_1_1' title="bbox 609 212 752 287">
    <p class='ocr_par' dir='ltr' id='par_1_1' title="bbox 609 212 752 287">
     <span class='ocr_line' id='line_1_1' title="bbox 609 212 752 287; baseline -0.014 0"><span class='ocrx_word' id='word_1_1' title='bbox 609 212 752 287; x_wconf 79' lang='lat'><strong>15·</strong></span> 
     </span>
    </p>
   </div>
   <div class='ocr_carea' id='block_1_2' title="bbox 136 382 1183 2647">
    <p class='ocr_par' dir='ltr' id='par_1_2' title="bbox 136 382 1183 1376">
     <span class='ocr_line' id='line_1_2' title="bbox 138 382 1183 466; baseline -0.002 -1"><span class='ocrx_word' id='word_1_2' title='bbox 138 391 283 466; x_wconf 86' lang='lat' dir='ltr'><strong>Nonne</strong></span> <span class='ocrx_word' id='word_1_3' title='bbox 301 387 423 465; x_wconf 75' lang='lat' dir='ltr'><strong>‘idem</strong></span> <span class='ocrx_word' id='word_1_4' title='bbox 452 384 598 465; x_wconf 84' lang='lat' dir='ltr'><strong>faciens</strong></span> <span class='ocrx_word' id='word_1_5' title='bbox 622 384 666 461; x_wconf 90' lang='lat' dir='ltr'><strong>in</strong></span> <span class='ocrx_word' id='word_1_6' title='bbox 691 382 834 463; x_wconf 90' lang='lat' dir='ltr'><strong>eadem</strong></span> <span class='ocrx_word' id='word_1_7' title='bbox 857 408 901 465; x_wconf 88' lang='lat' dir='ltr'><strong>re</strong></span> <span class='ocrx_word' id='word_1_8' title='bbox 925 410 1133 465; x_wconf 83' lang='lat' dir='ltr'><strong>summum</strong></span> <span class='ocrx_word' id='word_1_9' title='bbox 1180 442 1183 447; x_wconf 74' lang='lat'><strong>,</strong></span> 
     </span>
     <span class='ocr_line' id='line_1_3' title="bbox 139 498 1134 600; baseline -0.002 -22"><span class='ocrx_word' id='word_1_10' title='bbox 139 501 231 578; x_wconf 86' lang='lat' dir='ltr'><strong>artis</strong></span> <span class='ocrx_word' id='word_1_11' title='bbox 253 498 455 600; x_wconf 83' lang='lat' dir='ltr'><strong>fastigium</strong></span> <span class='ocrx_word' id='word_1_12' title='bbox 473 500 681 577; x_wconf 88' lang='lat' dir='ltr'><strong>adsecutus</strong></span> <span class='ocrx_word' id='word_1_13' title='bbox 698 512 755 576; x_wconf 88' lang='lat' dir='ltr'><strong>est</strong></span> <span class='ocrx_word' id='word_1_14' title='bbox 776 500 971 578; x_wconf 86' lang='lat' dir='ltr'><strong>Goethius</strong></span> <span class='ocrx_word' id='word_1_15' title='bbox 987 515 1134 591; x_wconf 90' lang='lat' dir='ltr'><strong>noster,</strong></span> 
     </span>
     <span class='ocr_line' id='line_1_4' title="bbox 140 612 1134 718; baseline 0 -26"><span class='ocrx_word' id='word_1_16' title='bbox 140 639 263 717; x_wconf 90' lang='lat' dir='ltr'><strong>quem</strong></span> <span class='ocrx_word' id='word_1_17' title='bbox 295 616 447 718; x_wconf 87' lang='lat' dir='ltr'><strong>optime</strong></span> <span class='ocrx_word' id='word_1_18' title='bbox 470 612 640 691; x_wconf 84' lang='lat' dir='ltr'><strong>Naelcius</strong></span> <span class='ocrx_word' id='word_1_19' title='bbox 666 613 834 715; x_wconf 88' lang='lat' dir='ltr'><strong>appellat</strong></span> <span class='ocrx_word' id='word_1_20' title='bbox 854 616 920 713; x_wconf 82' lang='lat'><strong>⁴¹)</strong></span> <span class='ocrx_word' id='word_1_21' title='bbox 950 615 1134 718; x_wconf 79' lang='lat' dir='ltr'><strong>antiquae</strong></span> 
     </span>
     <span class='ocr_line' id='line_1_5' title="bbox 138 717 1172 833; baseline -0.001 -26"><span class='ocrx_word' id='word_1_22' title='bbox 138 717 385 808; x_wconf 83' lang='lat' dir='ltr'><strong>Graecorum</strong></span> <span class='ocrx_word' id='word_1_23' title='bbox 408 733 619 833; x_wconf 69' lang='lat' dir='ltr'><strong>politorum</strong></span> <span class='ocrx_word' id='word_1_24' title='bbox 644 727 773 829; x_wconf 86' lang='lat' dir='ltr'><strong>stirpis</strong></span> <span class='ocrx_word' id='word_1_25' title='bbox 797 752 936 819; x_wconf 88' lang='lat' dir='ltr'><strong>seram,</strong></span> <span class='ocrx_word' id='word_1_26' title='bbox 961 729 1031 805; x_wconf 88' lang='lat' dir='ltr'><strong>sed</strong></span> <span class='ocrx_word' id='word_1_27' title='bbox 1056 730 1135 807; x_wconf 89' lang='lat' dir='ltr'><strong>lae·</strong></span> <span class='ocrx_word' id='word_1_28' title='bbox 1164 806 1172 819; x_wconf 67' lang='grc'>,</span> 
     </span>
     <span class='ocr_line' id='line_1_6' title="bbox 136 842 1136 948; baseline 0 -29"><span class='ocrx_word' id='word_1_29' title='bbox 136 842 329 919; x_wconf 87' lang='lat' dir='ltr'><strong>tissimam</strong></span> <span class='ocrx_word' id='word_1_30' title='bbox 357 842 638 948; x_wconf 79' lang='lat' dir='ltr'><strong>propaginem?</strong></span> <span class='ocrx_word' id='word_1_31' title='bbox 684 848 778 922; x_wconf 87' lang='lat' dir='ltr'><strong>Non</strong></span> <span class='ocrx_word' id='word_1_32' title='bbox 810 854 880 933; x_wconf 89' lang='lat' dir='ltr'><strong>est,</strong></span> <span class='ocrx_word' id='word_1_33' title='bbox 914 843 1027 946; x_wconf 91' lang='lat' dir='ltr'><strong>quod</strong></span> <span class='ocrx_word' id='word_1_34' title='bbox 1061 868 1136 920; x_wconf 90' lang='lat' dir='ltr'><strong>no·</strong></span> 
     </span>
     <span class='ocr_line' id='line_1_7' title="bbox 136 957 1134 1061; baseline 0.002 -31"><span class='ocrx_word' id='word_1_35' title='bbox 136 980 233 1032; x_wconf 91' lang='lat' dir='ltr'><strong>men</strong></span> <span class='ocrx_word' id='word_1_36' title='bbox 256 958 479 1056; x_wconf 78' lang='lat' dir='ltr'><strong>tragoediae</strong></span> <span class='ocrx_word' id='word_1_37' title='bbox 504 980 626 1060; x_wconf 89' lang='lat' dir='ltr'><strong>quam</strong></span> <span class='ocrx_word' id='word_1_38' title='bbox 650 958 817 1060; x_wconf 86' lang='lat' dir='ltr'><strong>respicio</strong></span> <span class='ocrx_word' id='word_1_39' title='bbox 843 957 1062 1061; x_wconf 89' lang='lat' dir='ltr'><strong>adponam,</strong></span> <span class='ocrx_word' id='word_1_40' title='bbox 1089 957 1134 1032; x_wconf 90' lang='lat' dir='ltr'><strong>in</strong></span> 
     </span>
     <span class='ocr_line' id='line_1_8' title="bbox 139 1072 1135 1172; baseline 0 -25"><span class='ocrx_word' id='word_1_41' title='bbox 139 1094 218 1170; x_wconf 90' lang='lat' dir='ltr'><strong>qua</strong></span> <span class='ocrx_word' id='word_1_42' title='bbox 247 1073 399 1150; x_wconf 89' lang='lat' dir='ltr'><strong>Graeca·</strong></span> <span class='ocrx_word' id='word_1_43' title='bbox 418 1097 480 1150; x_wconf 91' lang='lat' dir='ltr'><strong>ars</strong></span> <span class='ocrx_word' id='word_1_44' title='bbox 505 1095 599 1147; x_wconf 90' lang='lat' dir='ltr'><strong>cum</strong></span> <span class='ocrx_word' id='word_1_45' title='bbox 624 1072 815 1172; x_wconf 90' lang='lat' dir='ltr'><strong>omnihus</strong></span> <span class='ocrx_word' id='word_1_46' title='bbox 838 1073 1050 1151; x_wconf 86' lang='lat' dir='ltr'><strong>coniuncta</strong></span> <span class='ocrx_word' id='word_1_47' title='bbox 1076 1085 1135 1148; x_wconf 88' lang='lat' dir='ltr'><strong>est</strong></span> 
     </span>
     <span class='ocr_line' id='line_1_9' title="bbox 136 1183 1132 1287; baseline 0.001 -27"><span class='ocrx_word' id='word_1_48' title='bbox 136 1183 355 1273; x_wconf 84' lang='lat' dir='ltr'><strong>virtutibus,</strong></span> <span class='ocrx_word' id='word_1_49' title='bbox 380 1212 479 1287; x_wconf 87' lang='lat' dir='ltr'><strong>quas</strong></span> <span class='ocrx_word' id='word_1_50' title='bbox 503 1186 699 1262; x_wconf 84' lang='lat' dir='ltr'><strong>recentior</strong></span> <span class='ocrx_word' id='word_1_51' title='bbox 722 1186 855 1286; x_wconf 83' lang='lat' dir='ltr'><strong>po‘c&#39;sis</strong></span> <span class='ocrx_word' id='word_1_52' title='bbox 878 1199 939 1261; x_wconf 87' lang='lat' dir='ltr'><strong>tot</strong></span> <span class='ocrx_word' id='word_1_53' title='bbox 956 1185 1132 1262; x_wconf 88' lang='lat' dir='ltr'><strong>saeculo-</strong></span> 
     </span>
     <span class='ocr_line' id='line_1_10' title="bbox 137 1300 755 1376; baseline 0.002 -2"><span class='ocrx_word' id='word_1_54' title='bbox 137 1323 231 1374; x_wconf 89' lang='lat' dir='ltr'><strong>rum</strong></span> <span class='ocrx_word' id='word_1_55' title='bbox 256 1300 429 1376; x_wconf 91' lang='lat' dir='ltr'><strong>decursu</strong></span> <span class='ocrx_word' id='word_1_56' title='bbox 453 1313 662 1375; x_wconf 91' lang='lat' dir='ltr'><strong>consecuta</strong></span> <span class='ocrx_word' id='word_1_57' title='bbox 689 1312 755 1375; x_wconf 84' lang='lat' dir='ltr'><strong>est</strong></span> 
     </span>
    </p>

    <p class='ocr_par' dir='ltr' id='par_1_3' title="bbox 137 1407 1137 2647">
     <span class='ocr_line' id='line_1_11' title="bbox 232 1407 1133 1491; baseline -0.004 0"><span class='ocrx_word' id='word_1_58' title='bbox 232 1416 290 1491; x_wconf 92' lang='lat' dir='ltr'><strong>Ita</strong></span> <span class='ocrx_word' id='word_1_59' title='bbox 329 1414 446 1490; x_wconf 90' lang='lat' dir='ltr'><strong>etiam</strong></span> <span class='ocrx_word' id='word_1_60' title='bbox 488 1413 681 1489; x_wconf 90' lang='lat' dir='ltr'><strong>Pacuvius</strong></span> <span class='ocrx_word' id='word_1_61' title='bbox 716 1407 802 1488; x_wconf 89' lang='lat' dir='ltr'><strong>non</strong></span> <span class='ocrx_word' id='word_1_62' title='bbox 838 1410 967 1487; x_wconf 84' lang='lat' dir='ltr'><strong>servili</strong></span> <span class='ocrx_word' id='word_1_63' title='bbox 1005 1409 1133 1487; x_wconf 92' lang='lat' dir='ltr'><strong>modo</strong></span> 
     </span>
     <span class='ocr_line' id='line_1_12' title="bbox 138 1525 1136 1615; baseline -0.003 -12"><span class='ocrx_word' id='word_1_64' title='bbox 138 1530 310 1604; x_wconf 87' lang='lat' dir='ltr'><strong>Graecos</strong></span> <span class='ocrx_word' id='word_1_65' title='bbox 328 1526 504 1603; x_wconf 88' lang='lat' dir='ltr'><strong>imitatus</strong></span> <span class='ocrx_word' id='word_1_66' title='bbox 525 1542 592 1615; x_wconf 90' lang='lat' dir='ltr'><strong>est,</strong></span> <span class='ocrx_word' id='word_1_67' title='bbox 609 1527 680 1604; x_wconf 91' lang='lat' dir='ltr'><strong>sed</strong></span> <span class='ocrx_word' id='word_1_68' title='bbox 704 1525 879 1603; x_wconf 82' lang='lat' dir='ltr'><strong>excultus</strong></span> <span class='ocrx_word' id='word_1_69' title='bbox 891 1528 1136 1602; x_wconf 87' lang='lat' dir='ltr'><strong>Graecorum</strong></span> 
     </span>
     <span class='ocr_line' id='line_1_13' title="bbox 137 1637 1137 1741; baseline -0.003 -25"><span class='ocrx_word' id='word_1_70' title='bbox 137 1639 326 1741; x_wconf 85' lang='lat' dir='ltr'><strong>exemplis</strong></span> <span class='ocrx_word' id='word_1_71' title='bbox 349 1637 472 1715; x_wconf 90' lang='lat' dir='ltr'><strong>libere</strong></span> <span class='ocrx_word' id='word_1_72' title='bbox 495 1640 659 1737; x_wconf 86' lang='lat' dir='ltr'><strong>ingenio</strong></span> <span class='ocrx_word' id='word_1_73' title='bbox 685 1664 761 1716; x_wconf 91' lang='lat' dir='ltr'><strong>suo</strong></span> <span class='ocrx_word' id='word_1_74' title='bbox 780 1637 956 1714; x_wconf 83' lang='lat' dir='ltr'><strong>indulsit</strong></span> <span class='ocrx_word' id='word_1_75' title='bbox 996 1640 1048 1715; x_wconf 86' lang='lat' dir='ltr'><strong>Et</strong></span> <span class='ocrx_word' id='word_1_76' title='bbox 1062 1639 1137 1714; x_wconf 88' lang='lat' dir='ltr'><strong>hac</strong></span> 
     </span>
     <span class='ocr_line' id='line_1_14' title="bbox 137 1748 1137 1853; baseline -0.003 -24"><span class='ocrx_word' id='word_1_77' title='bbox 137 1753 222 1831; x_wconf 91' lang='lat' dir='ltr'><strong>sola</strong></span> <span class='ocrx_word' id='word_1_78' title='bbox 245 1752 402 1845; x_wconf 88' lang='lat' dir='ltr'><strong>ratione</strong></span> <span class='ocrx_word' id='word_1_79' title='bbox 426 1752 656 1849; x_wconf 84' lang='lat' dir='ltr'><strong>contingere</strong></span> <span class='ocrx_word' id='word_1_80' title='bbox 681 1754 718 1829; x_wconf 89' lang='lat' dir='ltr'><strong>ei</strong></span> <span class='ocrx_word' id='word_1_81' title='bbox 743 1749 884 1853; x_wconf 85' lang='lat' dir='ltr'><strong>potuit,</strong></span> <span class='ocrx_word' id='word_1_82' title='bbox 910 1748 1024 1850; x_wconf 91' lang='lat' dir='ltr'><strong>quod</strong></span> <span class='ocrx_word' id='word_1_83' title='bbox 1037 1774 1137 1848; x_wconf 88' lang='lat' dir='ltr'><strong>nar-</strong></span> 
     </span>
     <span class='ocr_line' id='line_1_15' title="bbox 138 1862 1137 1952; baseline -0.003 -9"><span class='ocrx_word' id='word_1_84' title='bbox 138 1880 199 1943; x_wconf 88' lang='lat' dir='ltr'><strong>rat</strong></span> <span class='ocrx_word' id='word_1_85' title='bbox 224 1863 450 1952; x_wconf 72' lang='lat' dir='ltr'><strong>Suetonius</strong></span> <span class='ocrx_word' id='word_1_86' title='bbox 474 1877 521 1940; x_wconf 90' lang='lat' dir='ltr'><strong>ut</strong></span> <span class='ocrx_word' id='word_1_87' title='bbox 542 1865 585 1940; x_wconf 91' lang='lat' dir='ltr'><strong>in</strong></span> <span class='ocrx_word' id='word_1_88' title='bbox 607 1864 713 1941; x_wconf 87' lang='lat' dir='ltr'><strong>ludis</strong></span> <span class='ocrx_word' id='word_1_89' title='bbox 728 1862 965 1942; x_wconf 84' lang='lat' dir='ltr'><strong>funebribus</strong></span> <span class='ocrx_word' id='word_1_90' title='bbox 980 1863 1023 1939; x_wconf 92' lang='lat' dir='ltr'><strong>in</strong></span> <span class='ocrx_word' id='word_1_91' title='bbox 1041 1866 1137 1942; x_wconf 87' lang='lat' dir='ltr'><strong>Cae·</strong></span> 
     </span>
     <span class='ocr_line' id='line_1_16' title="bbox 141 1976 1137 2071; baseline -0.001 -18"><span class='ocrx_word' id='word_1_92' title='bbox 141 1977 238 2053; x_wconf 87' lang='lat' dir='ltr'><strong>saris</strong></span> <span class='ocrx_word' id='word_1_93' title='bbox 266 1976 470 2053; x_wconf 90' lang='lat' dir='ltr'><strong>honorem</strong></span> <span class='ocrx_word' id='word_1_94' title='bbox 502 1978 704 2054; x_wconf 83' lang='lat' dir='ltr'><strong>celebratis</strong></span> <span class='ocrx_word' id='word_1_95' title='bbox 728 1990 978 2071; x_wconf 73' lang='lat' dir='ltr'><strong>cantarentur</strong></span> <span class='ocrx_word' id='word_1_96' title='bbox 1000 2001 1137 2053; x_wconf 86' lang='lat' dir='ltr'><strong>versus</strong></span> 
     </span>
     <span class='ocr_line' id='line_1_17' title="bbox 141 2088 1133 2194; baseline 0.003 -27"><span class='ocrx_word' id='word_1_97' title='bbox 141 2113 191 2167; x_wconf 89' lang='lat' dir='ltr'><strong>ex</strong></span> <span class='ocrx_word' id='word_1_98' title='bbox 213 2089 321 2165; x_wconf 90' lang='lat' dir='ltr'><strong>illius</strong></span> <span class='ocrx_word' id='word_1_99' title='bbox 344 2090 517 2193; x_wconf 91' lang='lat' dir='ltr'><strong>quadam</strong></span> <span class='ocrx_word' id='word_1_100' title='bbox 541 2088 675 2168; x_wconf 85' lang='lat' dir='ltr'><strong>fabula</strong></span> <span class='ocrx_word' id='word_1_101' title='bbox 697 2091 775 2190; x_wconf 82' lang='lat'>⁴²).</span> <span class='ocrx_word' id='word_1_102' title='bbox 832 2096 963 2188; x_wconf 89' lang='lat' dir='ltr'><strong>Quem</strong></span> <span class='ocrx_word' id='word_1_103' title='bbox 990 2092 1133 2194; x_wconf 91' lang='lat' dir='ltr'><strong>populi</strong></span> 
     </span>
     <span class='ocr_line' id='line_1_18' title="bbox 139 2204 1136 2292; baseline 0 -10"><span class='ocrx_word' id='word_1_104' title='bbox 139 2204 319 2282; x_wconf 83' lang='lat' dir='ltr'><strong>favorem</strong></span> <span class='ocrx_word' id='word_1_105' title='bbox 361 2218 407 2281; x_wconf 88' lang='lat' dir='ltr'><strong>ut</strong></span> <span class='ocrx_word' id='word_1_106' title='bbox 448 2205 753 2292; x_wconf 88' lang='lat' dir='ltr'><strong>nancisceretur,</strong></span> <span class='ocrx_word' id='word_1_107' title='bbox 805 2205 889 2281; x_wconf 90' lang='lat' dir='ltr'><strong>cius</strong></span> <span class='ocrx_word' id='word_1_108' title='bbox 929 2205 985 2280; x_wconf 89' lang='lat' dir='ltr'><strong>rei</strong></span> <span class='ocrx_word' id='word_1_109' title='bbox 1026 2205 1136 2282; x_wconf 93' lang='lat' dir='ltr'><strong>haud</strong></span> 
     </span>
     <span class='ocr_line' id='line_1_19' title="bbox 140 2315 1136 2420; baseline -0.004 -23"><span class='ocrx_word' id='word_1_110' title='bbox 140 2320 280 2417; x_wconf 83' lang='lat' dir='ltr'><strong>exigua</strong></span> <span class='ocrx_word' id='word_1_111' title='bbox 310 2315 490 2420; x_wconf 85' lang='lat' dir='ltr'><strong>profecto</strong></span> <span class='ocrx_word' id='word_1_112' title='bbox 522 2344 637 2395; x_wconf 87' lang='lat' dir='ltr'><strong>causa</strong></span> <span class='ocrx_word' id='word_1_113' title='bbox 670 2317 746 2394; x_wconf 86' lang='lat' dir='ltr'><strong>fuit</strong></span> <span class='ocrx_word' id='word_1_114' title='bbox 775 2318 832 2394; x_wconf 83' lang='lat' dir='ltr'><strong>vis</strong></span> <span class='ocrx_word' id='word_1_115' title='bbox 867 2331 985 2420; x_wconf 88' lang='lat' dir='ltr'><strong>atque</strong></span> <span class='ocrx_word' id='word_1_116' title='bbox 1013 2319 1136 2416; x_wconf 82' lang='lat' dir='ltr'><strong>gravi-</strong></span> 
     </span>
     <span class='ocr_line' id='line_1_20' title="bbox 137 2431 1136 2534; baseline -0.006 -23"><span class='ocrx_word' id='word_1_117' title='bbox 137 2446 206 2522; x_wconf 89' lang='lat' dir='ltr'><strong>tas,</strong></span> <span class='ocrx_word' id='word_1_118' title='bbox 231 2457 310 2534; x_wconf 92' lang='lat' dir='ltr'><strong>qua</strong></span> <span class='ocrx_word' id='word_1_119' title='bbox 332 2433 612 2511; x_wconf 88' lang='lat' dir='ltr'><strong>Romanorum</strong></span> <span class='ocrx_word' id='word_1_120' title='bbox 636 2432 818 2507; x_wconf 90' lang='lat' dir='ltr'><strong>moribus</strong></span> <span class='ocrx_word' id='word_1_121' title='bbox 842 2431 1012 2507; x_wconf 78' lang='lat' dir='ltr'><strong>maxime</strong></span> <span class='ocrx_word' id='word_1_122' title='bbox 1042 2455 1136 2517; x_wconf 91' lang='lat' dir='ltr'><strong>con-</strong></span> 
     </span>
     <span class='ocr_line' id='line_1_21' title="bbox 138 2543 1136 2647; baseline -0.003 -24"><span class='ocrx_word' id='word_1_123' title='bbox 138 2560 306 2647; x_wconf 81' lang='lat' dir='ltr'><strong>gruente</strong></span> <span class='ocrx_word' id='word_1_124' title='bbox 327 2544 444 2621; x_wconf 92' lang='lat' dir='ltr'><strong>illum</strong></span> <span class='ocrx_word' id='word_1_125' title='bbox 468 2545 692 2622; x_wconf 84' lang='lat' dir='ltr'><strong>excelluisse</strong></span> <span class='ocrx_word' id='word_1_126' title='bbox 714 2559 752 2622; x_wconf 91' lang='lat' dir='ltr'><strong>et</strong></span> <span class='ocrx_word' id='word_1_127' title='bbox 770 2543 987 2644; x_wconf 81' lang='lat' dir='ltr'><strong>fragmenta</strong></span> <span class='ocrx_word' id='word_1_128' title='bbox 1005 2557 1136 2621; x_wconf 73' lang='lat' dir='ltr'><strong>osten</strong></span> 
     </span>
    </p>
   </div>
   <div class='ocr_carea' id='block_1_3' title="bbox 141 2747 343 2766">
    <p class='ocr_par' dir='ltr' id='par_1_4' title="bbox 141 2747 343 2766">
     <span class='ocr_line' id='line_1_22' title="bbox 141 2747 343 2766; baseline -0.015 -1"><span class='ocrx_word' id='word_1_129' title='bbox 141 2747 343 2766; x_wconf 47' lang='grc' dir='ltr'><strong>μ</strong></span> 
     </span>
    </p>
   </div>
   <div class='ocr_carea' id='block_1_4' title="bbox 151 2836 821 2953">
    <p class='ocr_par' dir='ltr' id='par_1_5' title="bbox 151 2836 821 2953">
     <span class='ocr_line' id='line_1_23' title="bbox 151 2836 821 2953; baseline -0.001 -19"><span class='ocrx_word' id='word_1_130' title='bbox 151 2836 154 2843; x_wconf 33' lang='lat'>¹</span> <span class='ocrx_word' id='word_1_131' title='bbox 218 2872 278 2951; x_wconf 86' lang='grc'><strong>41)</strong></span> <span class='ocrx_word' id='word_1_132' title='bbox 317 2873 352 2933; x_wconf 93' lang='lat' dir='ltr'><strong>ln</strong></span> <span class='ocrx_word' id='word_1_133' title='bbox 370 2871 464 2934; x_wconf 87' lang='lat' dir='ltr'><strong>indice</strong></span> <span class='ocrx_word' id='word_1_134' title='bbox 482 2871 563 2933; x_wconf 70' lang='lat' dir='ltr'><strong>lecto</strong></span> <span class='ocrx_word' id='word_1_135' title='bbox 580 2872 725 2932; x_wconf 75' lang='lat' dir='ltr'><strong>Bonnens</strong></span> <span class='ocrx_word' id='word_1_136' title='bbox 744 2892 772 2953; x_wconf 86' lang='lat' dir='ltr'><strong>p.</strong></span> <span class='ocrx_word' id='word_1_137' title='bbox 792 2873 821 2935; x_wconf 74' lang='lat'><strong>7,</strong></span> 
     </span>
    </p>
   </div>
   <div class='ocr_carea' id='block_1_5' title="bbox 141 3001 1136 3256">
    <p class='ocr_par' dir='ltr' id='par_1_6' title="bbox 141 3001 1136 3256">
     <span class='ocr_line' id='line_1_24' title="bbox 218 3001 1136 3085; baseline 0.002 -20"><span class='ocrx_word' id='word_1_138' title='bbox 218 3005 279 3083; x_wconf 77' lang='lat'><strong>42)</strong></span> <span class='ocrx_word' id='word_1_139' title='bbox 319 3004 440 3065; x_wconf 83' lang='lat' dir='ltr'><strong>Sueten.</strong></span> <span class='ocrx_word' id='word_1_140' title='bbox 453 3003 483 3063; x_wconf 92' lang='lat' dir='ltr'><strong>in</strong></span> <span class='ocrx_word' id='word_1_141' title='bbox 495 3002 552 3064; x_wconf 83' lang='lat' dir='ltr'><strong>vita</strong></span> <span class='ocrx_word' id='word_1_142' title='bbox 565 3001 693 3065; x_wconf 82' lang='lat' dir='ltr'><strong>Caesaris</strong></span> <span class='ocrx_word' id='word_1_143' title='bbox 705 3023 765 3085; x_wconf 84' lang='lat' dir='ltr'><strong>cap.</strong></span> <span class='ocrx_word' id='word_1_144' title='bbox 778 3004 830 3065; x_wconf 76' lang='lat'><strong>84:</strong></span> <span class='ocrx_word' id='word_1_145' title='bbox 850 3005 950 3082; x_wconf 84' lang='lat' dir='ltr'><strong>„luter</strong></span> <span class='ocrx_word' id='word_1_146' title='bbox 968 3005 1051 3068; x_wconf 86' lang='lat' dir='ltr'><strong>ludos</strong></span> <span class='ocrx_word' id='word_1_147' title='bbox 1070 3028 1136 3069; x_wconf 90' lang='lat' dir='ltr'><strong>can-</strong></span> 
     </span>
     <span class='ocr_line' id='line_1_25' title="bbox 141 3097 1136 3181; baseline 0.002 -21"><span class='ocrx_word' id='word_1_148' title='bbox 141 3110 200 3160; x_wconf 84' lang='lat' dir='ltr'><strong>tata</strong></span> <span class='ocrx_word' id='word_1_149' title='bbox 223 3110 291 3161; x_wconf 81' lang='lat' dir='ltr'><strong>sunt</strong></span> <span class='ocrx_word' id='word_1_150' title='bbox 314 3099 451 3181; x_wconf 85' lang='lat' dir='ltr'><strong>quaedam</strong></span> <span class='ocrx_word' id='word_1_151' title='bbox 469 3097 504 3160; x_wconf 85' lang='lat' dir='ltr'><strong>ad</strong></span> <span class='ocrx_word' id='word_1_152' title='bbox 523 3097 731 3161; x_wconf 83' lang='lat' dir='ltr'><strong>miserationem</strong></span> <span class='ocrx_word' id='word_1_153' title='bbox 752 3110 783 3161; x_wconf 87' lang='lat' dir='ltr'><strong>et</strong></span> <span class='ocrx_word' id='word_1_154' title='bbox 801 3099 934 3164; x_wconf 86' lang='lat' dir='ltr'><strong>invidiam</strong></span> <span class='ocrx_word' id='word_1_155' title='bbox 953 3100 1045 3166; x_wconf 80' lang='lat' dir='ltr'><strong>caedis</strong></span> <span class='ocrx_word' id='word_1_156' title='bbox 1063 3100 1136 3179; x_wconf 83' lang='lat' dir='ltr'><strong>eius,</strong></span> 
     </span>
     <span class='ocr_line' id='line_1_26' title="bbox 141 3193 886 3256; baseline -0.001 0"><span class='ocrx_word' id='word_1_157' title='bbox 141 3194 353 3256; x_wconf 79' lang='lat' dir='ltr'><strong>accommodata</strong></span> <span class='ocrx_word' id='word_1_158' title='bbox 371 3216 407 3256; x_wconf 86' lang='lat' dir='ltr'><strong>ex</strong></span> <span class='ocrx_word' id='word_1_159' title='bbox 427 3193 542 3256; x_wconf 85' lang='lat' dir='ltr'><strong>Pacuvii</strong></span> <span class='ocrx_word' id='word_1_160' title='bbox 560 3194 718 3255; x_wconf 79' lang='lat' dir='ltr'><strong>Armorum</strong></span> <span class='ocrx_word' id='word_1_161' title='bbox 736 3194 854 3256; x_wconf 87' lang='lat' dir='ltr'><strong>iudicio:</strong></span> <span class='ocrx_word' id='word_1_162' title='bbox 885 3196 886 3200; x_wconf 73' lang='grc'>’</span> 
     </span>
    </p>
   </div>
   <div class='ocr_carea' id='block_1_6' title="bbox 119 3325 958 3408">
    <p class='ocr_par' dir='ltr' id='par_1_7' title="bbox 119 3325 958 3408">
     <span class='ocr_line' id='line_1_27' title="bbox 119 3325 958 3408; baseline -0.002 -20"><span class='ocrx_word' id='word_1_163' title='bbox 119 3391 130 3408; x_wconf 62' lang='grc'>,</span> <span class='ocrx_word' id='word_1_164' title='bbox 219 3325 297 3389; x_wconf 84' lang='lat' dir='ltr'><strong>Mcn&#39;</strong></span> <span class='ocrx_word' id='word_1_165' title='bbox 315 3350 457 3405; x_wconf 73' lang='lat' dir='ltr'><strong>servasse,</strong></span> <span class='ocrx_word' id='word_1_166' title='bbox 475 3340 509 3388; x_wconf 86' lang='lat' dir='ltr'><strong>ut</strong></span> <span class='ocrx_word' id='word_1_167' title='bbox 528 3339 620 3388; x_wconf 80' lang='lat' dir='ltr'><strong>essent</strong></span> <span class='ocrx_word' id='word_1_168' title='bbox 640 3327 694 3405; x_wconf 77' lang='lat' dir='ltr'><strong>qui</strong></span> <span class='ocrx_word' id='word_1_169' title='bbox 709 3350 755 3399; x_wconf 68' lang='lat' dir='ltr'><strong>ma</strong></span> <span class='ocrx_word' id='word_1_170' title='bbox 768 3328 958 3405; x_wconf 78' lang='lat' dir='ltr'><strong>perderent.“</strong></span> 
     </span>
    </p>
   </div>
   <div class='ocr_carea' id='block_1_7' title="bbox 138 3456 1136 4020">
    <p class='ocr_par' dir='ltr' id='par_1_8' title="bbox 138 3456 1136 4020">
     <span class='ocr_line' id='line_1_28' title="bbox 140 3456 1135 3542; baseline 0.001 -21"><span class='ocrx_word' id='word_1_171' title='bbox 140 3457 219 3521; x_wconf 79' lang='lat' dir='ltr'><strong>Men’</strong></span> <span class='ocrx_word' id='word_1_172' title='bbox 242 3458 350 3521; x_wconf 87' lang='lat' dir='ltr'><strong>hahent</strong></span> <span class='ocrx_word' id='word_1_173' title='bbox 373 3459 457 3520; x_wconf 86' lang='lat' dir='ltr'><strong>codd.</strong></span> <span class='ocrx_word' id='word_1_174' title='bbox 482 3456 593 3541; x_wconf 79' lang='lat' dir='ltr'><strong>optimi.</strong></span> <span class='ocrx_word' id='word_1_175' title='bbox 644 3457 707 3519; x_wconf 83' lang='lat' dir='ltr'><strong>Alii</strong></span> <span class='ocrx_word' id='word_1_176' title='bbox 735 3481 788 3520; x_wconf 84' lang='lat' dir='ltr'><strong>me.</strong></span> <span class='ocrx_word' id='word_1_177' title='bbox 842 3456 978 3521; x_wconf 86' lang='lat' dir='ltr'><strong>Editores</strong></span> <span class='ocrx_word' id='word_1_178' title='bbox 1003 3457 1135 3542; x_wconf 87' lang='lat' dir='ltr'><strong>plerique</strong></span> 
     </span>
     <span class='ocr_line' id='line_1_29' title="bbox 139 3550 1135 3635; baseline -0.001 -18"><span class='ocrx_word' id='word_1_179' title='bbox 139 3552 220 3617; x_wconf 82' lang='lat' dir='ltr'><strong>Men’</strong></span> <span class='ocrx_word' id='word_1_180' title='bbox 237 3578 292 3627; x_wconf 82' lang='lat' dir='ltr'><strong>me,</strong></span> <span class='ocrx_word' id='word_1_181' title='bbox 311 3554 348 3616; x_wconf 86' lang='lat' dir='ltr'><strong>ad</strong></span> <span class='ocrx_word' id='word_1_182' title='bbox 366 3553 515 3617; x_wconf 86' lang='lat' dir='ltr'><strong>Senarium</strong></span> <span class='ocrx_word' id='word_1_183' title='bbox 535 3550 716 3635; x_wconf 87' lang='lat' dir='ltr'><strong>explendum,</strong></span> <span class='ocrx_word' id='word_1_184' title='bbox 734 3575 834 3635; x_wconf 84' lang='lat' dir='ltr'><strong>parum</strong></span> <span class='ocrx_word' id='word_1_185' title='bbox 854 3566 922 3635; x_wconf 84' lang='lat' dir='ltr'><strong>apto</strong></span> <span class='ocrx_word' id='word_1_186' title='bbox 936 3576 1028 3616; x_wconf 86' lang='lat' dir='ltr'><strong>sensu.</strong></span> <span class='ocrx_word' id='word_1_187' title='bbox 1061 3554 1135 3617; x_wconf 87' lang='lat' dir='ltr'><strong>Mihi</strong></span> 
     </span>
     <span class='ocr_line' id='line_1_30' title="bbox 140 3648 1135 3734; baseline 0.001 -23"><span class='ocrx_word' id='word_1_188' title='bbox 140 3650 256 3712; x_wconf 82' lang='lat' dir='ltr'><strong>videtur</strong></span> <span class='ocrx_word' id='word_1_189' title='bbox 274 3652 435 3713; x_wconf 86' lang='lat' dir='ltr'><strong>tetrametri</strong></span> <span class='ocrx_word' id='word_1_190' title='bbox 447 3649 585 3713; x_wconf 86' lang='lat' dir='ltr'><strong>trochaici</strong></span> <span class='ocrx_word' id='word_1_191' title='bbox 597 3650 698 3711; x_wconf 84' lang='lat' dir='ltr'><strong>exitus.</strong></span> <span class='ocrx_word' id='word_1_192' title='bbox 729 3648 874 3732; x_wconf 86' lang='lat' dir='ltr'><strong>Loquitur</strong></span> <span class='ocrx_word' id='word_1_193' title='bbox 886 3649 959 3711; x_wconf 79' lang='lat' dir='ltr'><strong>Aiax</strong></span> <span class='ocrx_word' id='word_1_194' title='bbox 974 3651 1009 3712; x_wconf 86' lang='lat' dir='ltr'><strong>de</strong></span> <span class='ocrx_word' id='word_1_195' title='bbox 1022 3650 1135 3734; x_wconf 80' lang='lat' dir='ltr'><strong>Ulysse,</strong></span> 
     </span>
     <span class='ocr_line' id='line_1_31' title="bbox 140 3742 1136 3828; baseline 0.001 -24"><span class='ocrx_word' id='word_1_196' title='bbox 140 3742 172 3804; x_wconf 88' lang='lat' dir='ltr'><strong>in</strong></span> <span class='ocrx_word' id='word_1_197' title='bbox 191 3744 303 3827; x_wconf 89' lang='lat' dir='ltr'><strong>proelio</strong></span> <span class='ocrx_word' id='word_1_198' title='bbox 322 3767 415 3828; x_wconf 86' lang='lat' dir='ltr'><strong>prope</strong></span> <span class='ocrx_word' id='word_1_199' title='bbox 434 3767 518 3809; x_wconf 79' lang='lat' dir='ltr'><strong>naves</strong></span> <span class='ocrx_word' id='word_1_200' title='bbox 537 3766 553 3806; x_wconf 87' lang='lat' dir='ltr'><strong>a</strong></span> <span class='ocrx_word' id='word_1_201' title='bbox 578 3767 608 3807; x_wconf 90' lang='lat' dir='ltr'><strong>se</strong></span> <span class='ocrx_word' id='word_1_202' title='bbox 627 3756 751 3823; x_wconf 86' lang='lat' dir='ltr'><strong>servato,</strong></span> <span class='ocrx_word' id='word_1_203' title='bbox 763 3759 794 3808; x_wconf 88' lang='lat' dir='ltr'><strong>et</strong></span> <span class='ocrx_word' id='word_1_204' title='bbox 809 3748 845 3808; x_wconf 88' lang='lat' dir='ltr'><strong>de</strong></span> <span class='ocrx_word' id='word_1_205' title='bbox 856 3745 976 3807; x_wconf 77' lang='lat' dir='ltr'><strong>Atridis.</strong></span> <span class='ocrx_word' id='word_1_206' title='bbox 1007 3744 1054 3807; x_wconf 89' lang='lat' dir='ltr'><strong>De</strong></span> <span class='ocrx_word' id='word_1_207' title='bbox 1067 3744 1136 3806; x_wconf 89' lang='lat' dir='ltr'><strong>reli-</strong></span> 
     </span>
     <span class='ocr_line' id='line_1_32' title="bbox 141 3837 1133 3922; baseline -0.003 -21"><span class='ocrx_word' id='word_1_208' title='bbox 141 3840 220 3922; x_wconf 85' lang='lat' dir='ltr'><strong>quis,</strong></span> <span class='ocrx_word' id='word_1_209' title='bbox 243 3862 316 3921; x_wconf 86' lang='lat' dir='ltr'><strong>qnae</strong></span> <span class='ocrx_word' id='word_1_210' title='bbox 339 3842 375 3902; x_wconf 90' lang='lat' dir='ltr'><strong>ad</strong></span> <span class='ocrx_word' id='word_1_211' title='bbox 400 3841 477 3903; x_wconf 89' lang='lat' dir='ltr'><strong>hunc</strong></span> <span class='ocrx_word' id='word_1_212' title='bbox 501 3862 619 3905; x_wconf 85' lang='lat' dir='ltr'><strong>versum·</strong></span> <span class='ocrx_word' id='word_1_213' title='bbox 638 3840 800 3922; x_wconf 81' lang='lat' dir='ltr'><strong>pertinent,</strong></span> <span class='ocrx_word' id='word_1_214' title='bbox 830 3841 894 3903; x_wconf 86' lang='lat' dir='ltr'><strong>vide</strong></span> <span class='ocrx_word' id='word_1_215' title='bbox 918 3839 954 3902; x_wconf 88' lang='lat' dir='ltr'><strong>ad</strong></span> <span class='ocrx_word' id='word_1_216' title='bbox 977 3837 1133 3902; x_wconf 80' lang='lat' dir='ltr'><strong>Armorum</strong></span> 
     </span>
     <span class='ocr_line' id='line_1_33' title="bbox 138 3935 922 4020; baseline -0.001 -23"><span class='ocrx_word' id='word_1_217' title='bbox 138 3935 290 4014; x_wconf 84' lang='lat' dir='ltr'><strong>iudicium,</strong></span> <span class='ocrx_word' id='word_1_218' title='bbox 310 3935 387 4018; x_wconf 89' lang='lat' dir='ltr'><strong>qnod</strong></span> <span class='ocrx_word' id='word_1_219' title='bbox 406 3947 506 4017; x_wconf 84' lang='lat' dir='ltr'><strong>postea</strong></span> <span class='ocrx_word' id='word_1_220' title='bbox 524 3956 735 4018; x_wconf 84' lang='lat' dir='ltr'><strong>proponemus,</strong></span> <span class='ocrx_word' id='word_1_221' title='bbox 752 3935 855 4020; x_wconf 77' lang='lat' dir='ltr'><strong>fragm.</strong></span> <span class='ocrx_word' id='word_1_222' title='bbox 875 3937 922 3997; x_wconf 90' lang='lat'><strong>11.</strong></span> 
     </span>
    </p>
   </div>
   <div class='ocr_carea' id='block_1_8' title="bbox 0 0 1288 4432">
    <p class='ocr_par' dir='ltr' id='par_1_9' title="bbox 0 0 1288 4432">
     <span class='ocr_line' id='line_1_34' title="bbox 0 0 1288 4432; baseline 0 0"><span class='ocrx_word' id='word_1_223' title='bbox 0 0 1288 4432; x_wconf 95' lang='lat' dir='ltr'><strong> </strong></span> 
     </span>
    </p>
   </div>
  </div>
 </body>
</html>
