2566 4432
574 253 624 327 89

103 417 182 520 (ii,
203 431 286 519 no,)
313 441 336 497 t.
357 451 390 493 n.
413 434 461 497 υ(
482 463 526 479 -
551 416 749 489 Coniectura
771 443 840 488 uon
869 416 1103 512 improbabilis,

102 557 164 601 nec
188 529 303 600 melior
324 527 404 603 mibi
425 527 460 602 in
482 541 625 597 mentem
648 523 745 594 venit.
781 523 865 595 Eam
888 523 984 618 igitur
1007 546 1106 618 snpra

104 634 258 732 expressi.

229 1049 232 1053 „
328 939 429 1013 XIII.
477 935 614 1031 (Both.
640 932 779 1010 Dulor.
803 933 886 1032 21.)

68 1182 71 1191 =
196 1135 326 1213 Nomits
347 1161 380 1230 p.
403 1136 479 1211 490.
500 1134 620 1205 Mero:
643 1132 775 1217 „Itiner
794 1159 854 1227 pro
876 1133 947 1201 iter.
981 1131 1108 1202 Ennius

108 1241 260 1336 Telepho
292 1281 338 1297 -
363 1238 527 1309 Pacuvius
550 1235 706 1306 Atalanta
733 1280 776 1292 -
802 1237 894 1305 Idem
915 1235 1110 1306 Duloreste:

110 1346 262 1517 Delpupps
301 1370 414 1413 venum
441 1367 544 1436 pecus
582 1344 704 1412 ecunde
736 1342 910 1411 absentata
943 1367 985 1411 ac
1016 1342 1114 1410 itiner

107 1461 184 1520 cont
216 1476 238 1516 ι.

196 1586 379 1668 Pacuvius]
413 1587 500 1656 lens.
533 1584 610 1656 Par.
646 1585 799 1654 omittunt
834 1585 944 1654 locum
976 1582 1135 1656 Pacuvii¹

108 1709 297 1786 utrumque,
322 1705 353 1758 et
376 1689 438 1757 alia
462 1691 656 1783 perturbant.

197 1797 335 1875 enode]
366 1796 530 1862 secundae
561 1793 632 1860 lun.
661 1789 774 1887 Stepb.
801 1791 892 1862 Dclr.
921 1792 1023 1863 Scriv.
1047 1795 1114 1889 egi,

109 1904 195 1971 unde
217 1902 265 1969 ad
283 1897 415 1966 stabula
440 1897 513 1967 libri
541 1896 689 1966 nonnulli
724 1914 805 1966 teste
828 1897 942 1968 Delrio
971 1899 1005 1967 in
1028 1898 1114 1994 Opi·

110 2021 201 2089 natt„
224 2002 313 2098 quod
336 2000 451 2070 melius
475 2003 594 2096 paullo,
624 2004 682 2070 scd
706 2029 772 2071 non
796 2029 929 2098 prorsus
953 2004 1115 2074 sincerum

111 2109 243 2179 iudicat.
287 2106 418 2177 vossio·
436 2106 610 2198 legendum
634 2108 775 2176 videtur:
818 2149 864 2163 -
887 2151 930 2163 -
952 2151 994 2162 -
1031 2109 1115 2178 Del-

109 2215 195 2307 phos
219 2210 293 2281 oeni
310 2211 374 2288 uti,
398 2211 508 2280 Pecus
530 2213 586 2306 egi
604 2213 679 2282 inde
700 2215 748 2281 ad
766 2214 907 2297 stabula,
928 2239 981 2282 me
997 2218 1046 2284 od
1063 2213 1116 2284 ie·-
1161 2204 1164 2209 ¹

113 2344 174 2390 ner
195 2317 324 2386 contuli.
368 2313 476 2384 Posse
501 2316 597 2384 etiam
621 2319 824 2386 octonarium
848 2319 1006 2388 construi:
1032 2317 1116 2387 Del·

109 2425 196 2516 pbos
226 2433 351 2490 centem
375 2443 478 2512 pecus
504 2421 573 2514 egi,
607 2421 683 2490 riade
709 2424 758 2492 ad
782 2422 928 2499 stabulo,
964 2425 1013 2490 ud
1037 2423 1059 2491 ἰ.
1088 2445 1116 2490 c.

114 2526 170 2596 ubi
198 2526 323 2594 scilicet
352 2526 410 2593 Me
438 2524 488 2594 vel
518 2525 606 2594 aliud
636 2527 740 2596 simile
770 2527 812 2596 ad
836 2543 1024 2622 sequentem
1047 2553 1118 2595 ver·

117 2655 190 2701 snm
217 2631 383 2726 pertinens
413 2629 631 2724 supplendum
660 2631 712 2701 sit.
762 2631 920 2701 Botbius:
954 2631 1117 2716 „Malime

113 2761 150 2830 p.
172 2737 243 2831 ege}
271 2734 347 2803 inde
369 2737 585 2829 (propterca)
614 2739 663 2805 ad
687 2737 843 2827 stabulod
870 2737 889 2809 i.
914 2750 970 2806 c.‘⁴
1016 2734 1119 2826 Quod

117 2844 167 2911 ad
185 2839 343 2909 stabulud
361 2839 486 2934 posuit,
510 2838 643 2909 omnino
666 2842 871 2934 probandum
894 2841 1047 2924 arbitror3
1071 2840 1119 2909 ni·

117 2946 163 3015 hil
188 2946 275 3015 euim
296 2943 497 3012 librariorum
522 2945 682 3014 erroribus
707 2946 810 3040 magis
828 2947 1005 3016 obnoxium
1021 2944 1132 3040 quam'

119 3061 144 3129 d
166 3058 246 3127 illud
269 3043 527 3150 ἔφελκυστικὸν.
576 3056 645 3127 Sed
669 3085 724 3127 cur
745 3050 821 3128 inde
843 3085 911 3128 non
934 3057 1121 3152 simpliciter

119 3163 281 3260 acceperit
304 3162 344 3231 de
367 3163 457 3248 loco,
480 3189 546 3232 non
570 3163 726 3258 intelligo.

289 3452 291 3457 ’
344 3471 445 3546 x1v.
494 3467 631 3563 (noth.
656 3469 794 3545 uulor.
820 3471 901 3568 31.)

211 3668 350 3740 Nonius*
361 3694 395 3762 p.
416 3676 439 3744 6
462 3693 530 3764 seq.
552 3668 673 3737 Moru:
718 3667 896 3753 „Calvum
923 3666 1044 3735 dictum
1075 3675 1126 3734 est

120 3770 305 3854 frustratum
328 3790 465 3842 tractum
489 3782 509 3841 a
532 3773 630 3843 calvis
651 3774 801 3859 mimicis,
825 3774 913 3871 quod
937 3773 1003 3842 sint
1022 3771 1125 3842 omni·
1238 3832 1242 3841 .

120 3877 183 3946 bus
205 3876 387 3946 frustratui:
417 3877 555 3947 Plautus
578 3879 612 3948 in
636 3877 773 3951 Casina:
796 3881 857 3974 (Il,
880 3891 912 3962 2,
934 3883 988 3970 3.)
1034 3880 1127 3948 Nem

108 3982 180 4065 ‚reli
198 3982 291 4053 domi
308 3981 383 4052 solo
403 4009 489 4065 seem,
520 4008 623 4076 sopor
643 4011 759 4056 monus
781 3986 929 4055 coler’tur.
952 4027 993 4058 ‚-
1017 4024 1063 4040 -
1076 4021 1126 4041 ⁴...
