2566 4432
594 276 777 355 126.

135 445 171 516 in
192 436 306 518 nostra
326 444 438 516 fabula
458 445 594 533 fueriut3
621 446 656 517 in
685 470 750 544 qua
777 463 958 543 pugnatum
981 472 1055 519 esse
1076 472 1136 545 ap·-

135 568 239 649 paret.
272 550 342 622 Sed
357 550 548 622 Pacuviano
569 552 652 622 haec
676 577 749 622 esse
766 552 981 622 demonstrari
996 555 1121 653 nequit.

604 825 670 899 ΠΙ.

224 980 368 1054 Naelrius
384 985 406 1054 l.
424 964 456 1055 cl
467 1011 498 1081 p.
513 984 607 1056 Vll:¹
623 984 807 1073 „Ceterum
828 986 904 1075 huic
928 986 1139 1083 descriptioni

137 1089 299 1185 [loquitur
320 1091 361 1161 de
378 1090 540 1161 versibus:
571 1091 616 1161 Ut
633 1093 839 1189 prrffectr'one
860 1092 1039 1175 loeti-etc]
1063 1093 1137 1163 sine

137 1196 236 1266 dubio
259 1195 486 1292 praemittendi
509 1212 585 1264 sunt
604 1223 717 1266 versus
740 1199 771 1284 ii,
795 1223 879 1293 quos
900 1194 1015 1266 Cicero
1037 1197 1139 1267 habet

135 1301 177 1370 dc
199 1299 342 1371 Divinae.
369 1303 394 1386 Ι,
424 1310 501 1376 16.“
547 1298 716 1371 Ciceronis
748 1304 847 1373 verba
875 1317 967 1370 sunt:
1000 1301 1075 1386 „Ut
1096 1301 1138 1372 P.

137 1403 294 1474 Claudius
317 1406 417 1501 Appii
441 1404 542 1475 Caeci
564 1406 664 1491 lilius,
694 1410 828 1504 eiusque
853 1406 995 1500 collega,
1020 1406 1061 1475 L.
1083 1407 1137 1475 lu-

135 1510 228 1589 nius,
263 1508 385 1581 classes
408 1510 565 1578 maximas
587 1511 816 1604 perdiderunt,
845 1536 920 1578 cum
948 1510 1023 1580 vitio
1047 1510 1139 1582 navi·

136 1631 280 1708 gessem.
331 1610 434 1703 Quod
465 1613 583 1683 eodem
611 1616 713 1687 modo
748 1615 854 1687 evenit
880 1615 1138 1709 Agamemnoni:

136 1719 192 1816 qui
212 1745 289 1804 *cum
311 1718 427 1787 Achivi
451 1719 637 1815 coepissent

134 1868 179 1880 —
193 1824 278 1893 inter
296 1847 334 1892 se
349 1831 504 1915 strepere,
527 1835 703 1918 operteque
715 1828 820 1893 ortem
839 1826 987 1894 obterere
1000 1825 1139 1918 extispi-

780 1953 874 2010 cum,·

136 2033 271 2104 Solvere
291 2031 432 2122 r'roperot
453 2033 594 2101 secundo
615 2038 760 2118 ramore,
783 2037 984 2129 &conoque
1005 2034 1100 2104 ori.“

138 2135 224 2206 Cum
248 2137 353 2231 rapite
375 2135 586 2231 praecedenti
605 2136 676 2206 illa:
709 2138 790 2222 „Ut
807 2141 1013 2235 prestatione
1034 2141 1141 2210 laerte

136 2241 304 2326 affuerint,
325 2265 379 2309 res
402 2239 580 2326 admodum
601 2242 729 2312 arridet.
770 2242 886 2316 Priore
908 2272 1007 2318 versu
1029 2246 1142 2317 deficit

136 2345 270 2443 syllaba
313 2343 427 2416 Fuerit
448 2345 512 2415 sic:
556 2345 617 2415 Illi
634 2345 720 2417 r'rrter
738 2373 777 2418 se
799 2365 861 2421 etc.

608 2619 676 2693 IV.

394 2767 531 2864 (Both.
556 2770 642 2843 Pac.
667 2770 805 2842 Incert.
832 2767 889 2864 7.)

229 2952 337 3021 Varro
360 2947 465 3019 be.
492 2975 522 3044 p.
547 2958 600 3024 53.
622 2949 715 3044 Bip.:
747 2948 873 3034 „Iubar
902 2948 992 3044 quod
1017 2948 1139 3049 iubata.

134 3053 298 3123 Pacuvius
323 3053 414 3122 dicit:
444 3056 574 3124 Pastor
599 3064 716 3121 exorto
742 3055 855 3125 iubere
875 3053 980 3124 noctis
1002 3055 1139 3138 decurso

134 3159 284 3228 ulcheref‘
326 3158 418 3227 Idem
440 3185 473 3253 p.
496 3167 551 3235 952
589 3157 741 3242 „Iubaris
766 3174 856 3229 ortus
886 3158 1049 3252 significat
1071 3159 1139 3227 'cir-

133 3264 215 3332 citer
243 3288 317 3332 esse
347 3280 523 3333 extremam
552 3279 694 3334 noctem.
737 3262 851 3360 Itaque
882 3263 927 3332 ait
956 3261 1142 3334 Pacuvius:

131 3367 267 3438 Exorto
289 3369 402 3437 iuhore
422 3369 527 3437 noctis
551 3370 688 3438 decurso
710 3368 861 3438 r'tinere.“
909 3392 912 3396 ⁴

223 3474 324 3567 lgitur
340 3485 481 3562 postor,·
495 3472 584 3571 quod
607 3472 715 3568 priore
739 3487 843 3541 exstat
857 3470 944 3556 loco,
965 3470 1020 3541 hic
1039 3470 1138 3542 omis-
1179 3490 1183 3497 ·

134 3603 224 3662 sum;
254 3595 287 3648 et
310 3579 440 3673 optime.
483 3575 559 3647 Vox
579 3577 636 3647 illa
658 3579 757 3648 verbo
781 3602 841 3647 suo
865 3602 979 3647 carens
1010 3576 1138 3647 nullum

133 3683 234 3753 habet
260 3708 412 3767 sensum,
446 3707 553 3778 neque
585 3699 671 3753 stare
699 3698 824 3778 potest3
858 3706 1021 3776 nusquam
1048 3681 1138 3750 enim

132 3788 178 3857 ita
206 3787 315 3858 Varro
346 3787 475 3881 allegat.
525 3786 638 3883 ltaque
666 3787 835 3857 Victorius
865 3786 1016 3872 correxit3
1047 3786 1140 3882 quod

134 3909 168 3963 et
189 3892 368 3962 Turnebus
392 3909 509 3987 postea
537 3893 726 3962 coniectura
754 3909 924 3971 assecutus
953 3905 1026 3976 est„
1048 3889 1138 3986 prio·
1196 3910 1199 3917 '

131 4024 168 4068 re
209 3998 309 4079 loco:
361 3998 572 4069 Paconianus
611 3997 691 4068 dicit
721 4009 866 4091 postem
913 3995 1002 4067 haud
1038 3995 1137 4068 dubie
