2566 4432
620 256 687 327 lo]

145 423 287 507 moneri,
303 439 347 490 ut
369 423 410 493 de
431 423 564 494 fortuna
586 425 755 495 homiuum
777 422 943 517 cogitaret.
983 421 1052 493 Sed
1075 449 1151 494 cum

143 527 197 598 lu'c
219 527 409 598 auctoritate
434 528 623 598 destitutum
645 529 703 614 sit,
726 527 876 597 dubitare
895 526 981 598 ticet

367 801 466 877 XXI.
517 798 654 894 (Both.
679 796 822 872 Dulor.
846 797 927 897 16.)

232 978 361 1051 Nonius
385 1005 410 1048 s.
432 1008 463 1048 v.
492 979 690 1074 contendere
717 972 996 1073 protulere:
1031 975 1147 1062 „Con-

140 1083 258 1168 tendit,
287 1084 460 1179 proripuit,
489 1084 541 1153 vel
565 1084 677 1153 direxit
699 1084 866 1176 significat.
896 1126 940 1137 —
969 1123 1013 1136 -
1037 1081 1146 1151 Pacu-

139 1187 209 1257 vius
232 1187 426 1257 Duloreste:
466 1187 564 1259 Nihil
582 1188 767 1257 coniectura
789 1188 878 1282 quiet
895 1186 1146 1278 interpreturier,

148 1292 311 1382 Quorsum
322 1293 481 1385 fleein‘ce
502 1296 717 1361 contenderet.

225 1431 323 1513 nihil]
348 1418 413 1501 Nil
430 1431 502 1498 Iun.
524 1430 560 1498 in
582 1457 700 1525 marg„
722 1431 814 1501 Delr.
837 1429 938 1500 Scriv.
961 1431 1064 1502 Both.

226 1535 330 1628 quini]
354 1525 412 1628 qui
430 1535 517 1603 lens.
656 1545 658 1549 ’

226 1654 399 1734 quorsum]
423 1663 557 1731 quorum
579 1640 665 1709 lens.
686 1639 766 1709 Par.

227 1741 371 1814 Vossius
395 1742 587 1836 posterioris
613 1769 726 1814 versus
751 1744 835 1812 duas
856 1744 1011 1837 proponit
1033 1769 1142 1814 emen·
1184 1770 1186 1779 ⁴

137 1849 305 1919 dationes:

252 1972 417 2077 Quorsuin
428 1986 578 2081 flerfice
600 1988 767 2056 oraculum
788 1989 1003 2056 contenderet.

138 2127 288 2211 alteram,
312 2151 410 2222 quam
432 2125 502 2220 ipse
525 2125 682 2221 praefert:
706 2118 709 2122 i

254 2266 329 2357 Quo
350 2243 477 2334 rursum
488 2268 589 2359 flexo
611 2292 688 2337 noce
709 2280 777 2335 tum
798 2272 1014 2337 contenderet.

136 2406 264 2476 Verum
286 2405 365 2474 vidit
386 2404 542 2486 Vossius,
564 2409 769 2475 contenderet
789 2407 887 2475 tinem
915 2432 987 2475 esse
1010 2405 1139 2490 senarii,

137 2511 184 2578 ita
206 2528 242 2579 ut
265 2526 416 2604 corrupta
437 2510 494 2578 illa
516 2537 578 2579 vox
588 2511 761 2604 flexieice,
787 2535 869 2604 quae
892 2510 990 2604 vulgo
1012 2509 1139 2601 legitur,

136 2631 202 2683 tres
217 2615 362 2707 integros
379 2615 543 2682 contiueat
557 2616 675 2710 pedes3
692 2615 912 2684 coniecturam
924 2639 1002 2684 vero
1019 2631 1138 2682 utram·

139 2745 220 2814 que,
244 2744 342 2814 quarn
364 2719 553 2814 proposuit,
570 2712 699 2787 'nullius
723 2744 795 2787 esse
818 2719 926 2814 pretii,
953 2719 1054 2788 immo
1077 2718 1137 2785 fal-

136 2847 191 2893 sas
214 2847 299 2907 esse,
323 2825 376 2920 qui
399 2821 545 2893 Nonium
567 2823 752 2917 inspexerit,
774 2823 879 2918 primo
904 2825 1021 2894 obtutu
1041 2818 1139 2892 facile

136 2928 260 3016 videat3
285 2927 382 2997 docet
396 2928 493 3012 euim,
515 2931 708 2997 contendere
726 2928 765 2996 de
783 2928 951 3022 dirigendo
969 2945 1001 2998 et
1017 2927 1137 3009 eundo,

135 3059 204 3102 nou
234 3034 274 3102 de
303 3058 402 3102 seusu
436 3051 468 3102 et
501 3033 668 3102 intellectu
701 3034 866 3128 usurpari3
904 3033 995 3126 quod
1030 3058 1136 3102 exem·
1226 3040 1228 3045 '

135 3138 190 3232 pla
213 3154 324 3232 aperte
348 3138 539 3222 ostendunt,
564 3163 647 3231 quae
669 3137 798 3221 laudat,
820 3154 870 3206 ut:
900 3137 1040 3206 Italiam
1061 3159 1136 3203 con·

134 3243 278 3313 tendisse
298 3285 343 3296 —
361 3242 509 3310 Romam
530 3246 724 3312 contendere
745 3285 788 3296 -
810 3243 986 3310 Tarentum
1007 3250 1137 3307 conten·

135 3351 226 3416 deret
246 3390 291 3402 -
313 3373 379 3440 qun
399 3373 503 3417 causa
524 3349 586 3416 hue
607 3346 811 3417 contenditur
833 3361 893 3413 etc.
930 3342 1045 3431 Quare
1069 3370 1137 3413 cer-

135 3469 207 3520 tum
229 3469 294 3536 est,
324 3452 463 3522 eandem
486 3450 754 3543 significationem
777 3452 817 3520 in.
833 3449 970 3519 Pacuvii
992 3449 1137 3519 obtinere

134 3557 232 3640 loco,
260 3558 348 3626 uude
371 3556 487 3627 Vossii
515 3557 582 3625 iam
610 3556 753 3626 concidit
782 3553 904 3648 opinio.
946 3552 1079 3624 Delrius
1101 3553 1137 3623 iu

135 3661 281 3755 margine
308 3661 450 3732 fortasse
476 3661 654 3752 legendnm
685 3685 757 3730 esse
788 3659 917 3728 dicens:
938 3659 1041 3751 flexo
1073 3658 1136 3742 οἱα,

136 3765 257 3861 optime
287 3766 363 3863 quid
396 3767 577 3862 requiratur
604 3765 784 3860 perspexit=
817 3764 877 3832 sed
910 3763 998 3832 idem
1031 3762 1132 3831 addit:

135 3869 241 3956 „alias
256 3895 410 3963 quorsum
421 3872 522 3964 flexo
537 3871 660 3940 enerce
676 3883 744 3939 tum
759 3871 974 3940 contenderet.
980 3878 1001 3913 ‘⁴
1030 3865 1135 3955 Quod

135 3974 341 4046 verissimum
372 3993 434 4047 est.
474 3977 523 4047 lta
551 3976 644 4047 enim,
667 3974 786 4047 Vosss
813 3989 873 4061 „et
899 3972 1039 4044 sortasse
1067 3982 1136 4041 tum
