2566 4432
627 263 676 338 69

139 435 306 512 illorum
332 433 565 526 admiratus,
595 437 732 513 omnia
759 461 873 539 quae·
886 439 1154 539 postulaverat

138 550 363 651 Iphigenia,
390 550 582 628 concedit.
633 555 691 629 Ex
715 553 790 628 hac
817 551 1011 629 Thoantis
1037 557 1151 658 quasi
1227 562 1231 569 “

139 666 395 766 peroratione
421 680 635 767 supersunt
658 664 826 743 fortisan
851 664 895 741 hi
921 691 1073 744 versus:

614 857 679 912 XL.

138 1011 189 1027 -
215 986 272 1059 ut,
306 975 345 1050 si
364 975 420 1051 itu
443 977 533 1050 scint
558 976 765 1077 promerita
799 982 936 1062 ndstra,
969 977 1150 1082 aequipa-

746 1117 829 1165 rare
852 1091 894 1164 tit
919 1116 1058 1193 queam

141 1199 291 1287 Vereor,
335 1203 414 1278 nisi
448 1207 654 1309 nunqudm
677 1206 849 1306 satr'scur
871 1206 1006 1306 sdcere
1043 1209 1152 1312 quod

744 1316 986 1422 quitabunt.

624 1550 666 1610 V·

237 1699 343 1771 Haec
376 1710 501 1784 erant,
543 1721 645 1798 quae
684 1695 734 1772 de
774 1696 958 1772 universa
990 1698 1148 1776 fabulae

139 1811 434 1912 compositione
459 1809 772 1911 fragmentisque
793 1810 1037 1887 adornandis
1055 1838 1149 1913 pro·

137 1925 323 2000 habiliter
339 1927 578 2003 videbantur
600 1925 739 2000 disseri
765 1950 892 2025 posse.
933 1929 979 2003 In
1001 1927 1148 2026 quihus

138 2064 242 2140 quae
267 2040 506 2116 testimoniis
533 2039 688 2116 disertis
714 2053 817 2115 certa
843 2040 930 2128 sint,
957 2065 1059 2142 quae
1083 2064 1148 2115 ve·

137 2153 318 2229 risimilia
346 2179 389 2230 ex
414 2156 509 2256 ipsis
534 2154 773 2252 fragmentis,
800 2180 904 2256 quae
921 2178 966 2229 ex
983 2154 1145 2230 arbitrio

139 2281 354 2368 assumpta,
393 2269 574 2370 quisquis
609 2268 706 2344 haec
743 2268 899 2366 legeris,
936 2269 1146 2367 intelliges;

136 2381 257 2470 idem,
284 2395 480 2482 quantum
506 2384 547 2457 in
574 2384 654 2459 hoc
679 2405 823 2480 genere
847 2383 1035 2483 praestari
1053 2408 1146 2483 pos-

137 2497 201 2584 sit,
228 2521 354 2596 aeque
380 2497 613 2574 aestimabis.

234 2611 453 2711 Reliquum
480 2625 546 2698 est,
570 2626 617 2687 ut
642 2611 798 2686 dicatur
824 2609 874 2686 de
895 2609 1032 2685 Naekii
1058 2633 1146 2684 sen-

104 2788 107 2793 .
135 2725 266 2811 tentia,
292 2724 413 2822 longe
439 2724 550 2799 aliter
573 2726 779 2801 statuentis
800 2724 907 2826 apud
925 2724 1145 2800 Pacuvium

134 2833 294 2916 has'res
318 2836 496 2915 tractatas
523 2864 616 2914 esse.
656 2839 753 2914 Eius
781 2840 888 2914 enim
908 2839 1027 2914 verba
1052 2851 1146 2913 sunt

137 2954 185 3053 (l.
218 2979 248 3029 c.
286 2981 328 3054 p.v
355 2957 458 3050 VI.):
515 2956 678 3049 „Quam
716 2967 852 3054 postea
891 2954 1143 3029 occasionem

135 3069 240 3144 nacti
278 3094 372 3144 cum
405 3069 608 3171 Iphigenia
649 3066 874 3165 aufugerint
906 3070 1065 3144 Orestes
1106 3078 1144 3140 et

135 3180 319 3279 Pylades,
349 3183 479 3258 ablato
507 3181 604 3258 deae
629 3183 760 3280 signo,
791 3205 877 3257 non
901 3204 987 3255 uno
1012 3177 1141 3253 modo

136 3321 320 3373 enarrare
343 3296 518 3372 Pacuvio
548 3296 697 3371 licuit.“
728 3309 766 3370 et
793 3317 880 3396 pag.
905 3297 1003 3368 vlt:
1052 3293 1142 3381 „Fi-

135 3436 231 3486 nem
256 3409 414 3487 fabulae
440 3433 534 3485 suae
551 3410 661 3485 hunc
677 3408 816 3485 fecisse
832 3409 1050 3485 Pacuvium
1075 3406 1143 3482 ali-

136 3527 227 3628 quis
253 3526 449 3628 opinetur,
475 3537 521 3599 ut
540 3524 767 3598 Thoantem
785 3521 1025 3598 interfecerit
1042 3525 1142 3598 Ore·
1246 3523 1251 3533 '

135 3655 222 3717 stes.
281 3646 383 3716 Sane
410 3639 541 3715 occiso
569 3638 754 3712 Thoante
781 3635 979 3736 aufugisse
1006 3661 1028 3712 e
1051 3637 1141 3711 har-

134 3756 265 3832 harica
289 3768 392 3830 terra
418 3756 587 3841 Oresten
613 3775 706 3827 cum
732 3752 831 3840 suis,
862 3752 1026 3842 tradunt
1052 3754 1140 3826 Ser-

134 3871 222 3967 tius
263 3871 382 3966 (Aen.
407 3871 461 3953 ΙΙ,
496 3871 584 3942 1164
616 3880 655 3941 et
688 3870 760 3953 VI,
795 3865 917 3962 lac),
961 3863 1140 3960 Hyginus

135 3981 236 4081 (sab.
260 3981 383 4079 tut),
408 3981 606 4058 Lucianus
632 3981 678 4080 (l.
705 3981 771 4079 c).
812 3984 965 4057 Verum
990 3977 1070 4053 hoc
1093 3989 1139 4051 ut
