<?xml version="1.0" encoding="UTF-8"?>
<!DOCTYPE html PUBLIC "-//W3C//DTD XHTML 1.0 Transitional//EN"
    "http://www.w3.org/TR/xhtml1/DTD/xhtml1-transitional.dtd">
<html xmlns="http://www.w3.org/1999/xhtml" xml:lang="en" lang="en">
 <head>
  <title>
</title>
<meta http-equiv="Content-Type" content="text/html;charset=utf-8" />
  <meta name='ocr-system' content='tesseract 3.04.00' />
  <meta name='ocr-capabilities' content='ocr_page ocr_carea ocr_par ocr_line ocrx_word'/>
</head>
<body>
  <div class='ocr_page' id='page_1' title='image "./demracuviidulor00stiegoog_0123.png"; bbox 0 0 2566 4432; ppageno 0'>
   <div class='ocr_carea' id='block_1_1' title="bbox 131 240 1140 630">
    <p class='ocr_par' dir='ltr' id='par_1_1' title="bbox 131 240 1140 630">
     <span class='ocr_line' id='line_1_1' title="bbox 599 240 726 333; baseline -0.008 0"><span class='ocrx_word' id='word_1_1' title='bbox 599 258 674 333; x_wconf 75' lang='lat' dir='ltr'><strong>rot</strong></span> <span class='ocrx_word' id='word_1_2' title='bbox 723 240 726 249; x_wconf 84' lang='grc'>’</span> 
     </span>
     <span class='ocr_line' id='line_1_2' title="bbox 131 425 1140 524; baseline -0.003 -25"><span class='ocrx_word' id='word_1_3' title='bbox 131 429 277 500; x_wconf 82' lang='lat' dir='ltr'><strong>Pacuvio</strong></span> <span class='ocrx_word' id='word_1_4' title='bbox 300 431 404 524; x_wconf 81' lang='lat' dir='ltr'><strong>magis</strong></span> <span class='ocrx_word' id='word_1_5' title='bbox 427 428 551 524; x_wconf 81' lang='lat' dir='ltr'><strong>placuit</strong></span> <span class='ocrx_word' id='word_1_6' title='bbox 572 427 698 498; x_wconf 81' lang='lat' dir='ltr'><strong>fortiter</strong></span> <span class='ocrx_word' id='word_1_7' title='bbox 725 441 757 496; x_wconf 91' lang='lat' dir='ltr'><strong>et</strong></span> <span class='ocrx_word' id='word_1_8' title='bbox 780 452 852 496; x_wconf 89' lang='lat' dir='ltr'><strong>cum</strong></span> <span class='ocrx_word' id='word_1_9' title='bbox 879 426 1002 522; x_wconf 84' lang='lat' dir='ltr'><strong>impetu</strong></span> <span class='ocrx_word' id='word_1_10' title='bbox 1025 425 1140 498; x_wconf 81' lang='lat' dir='ltr'><strong>omnia</strong></span> 
     </span>
     <span class='ocr_line' id='line_1_3' title="bbox 132 559 889 630; baseline -0.001 -27"><span class='ocrx_word' id='word_1_11' title='bbox 132 559 256 630; x_wconf 76' lang='lat' dir='ltr'><strong>peragi.</strong></span> <span class='ocrx_word' id='word_1_12' title='bbox 887 559 889 563; x_wconf 70' lang='grc'>’</span> 
     </span>
    </p>
   </div>
   <div class='ocr_carea' id='block_1_2' title="bbox 341 851 930 949">
    <p class='ocr_par' dir='ltr' id='par_1_2' title="bbox 341 851 930 949">
     <span class='ocr_line' id='line_1_4' title="bbox 341 851 930 949; baseline -0.007 -18"><span class='ocrx_word' id='word_1_13' title='bbox 341 857 474 931; x_wconf 83' lang='lat' dir='ltr'><strong>XXIV.</strong></span> <span class='ocrx_word' id='word_1_14' title='bbox 523 853 658 949; x_wconf 86' lang='lat' dir='ltr'><strong>(Both.</strong></span> <span class='ocrx_word' id='word_1_15' title='bbox 684 851 822 929; x_wconf 91' lang='lat' dir='ltr'><strong>Dulor.</strong></span> <span class='ocrx_word' id='word_1_16' title='bbox 847 851 930 943; x_wconf 79' lang='lat'><strong>33.)</strong></span> 
     </span>
    </p>
   </div>
   <div class='ocr_carea' id='block_1_3' title="bbox 137 1047 1149 2164">
    <p class='ocr_par' dir='ltr' id='par_1_3' title="bbox 137 1047 1143 1560">
     <span class='ocr_line' id='line_1_5' title="bbox 226 1047 1141 1149; baseline -0.001 -29"><span class='ocrx_word' id='word_1_17' title='bbox 226 1052 356 1125; x_wconf 81' lang='lat' dir='ltr'><strong>Nonius</strong></span> <span class='ocrx_word' id='word_1_18' title='bbox 381 1078 413 1149; x_wconf 89' lang='lat' dir='ltr'><strong>p.</strong></span> <span class='ocrx_word' id='word_1_19' title='bbox 437 1058 513 1128; x_wconf 68' lang='lat'><strong>477.</strong></span> <span class='ocrx_word' id='word_1_20' title='bbox 535 1053 655 1123; x_wconf 76' lang='lat' dir='ltr'><strong>Mero:</strong></span> <span class='ocrx_word' id='word_1_21' title='bbox 699 1051 903 1137; x_wconf 65' lang='lat' dir='ltr'><strong>„Adimam</strong></span> <span class='ocrx_word' id='word_1_22' title='bbox 922 1075 982 1143; x_wconf 88' lang='lat' dir='ltr'><strong>pro</strong></span> <span class='ocrx_word' id='word_1_23' title='bbox 1007 1047 1141 1119; x_wconf 78' lang='lat' dir='ltr'><strong>adiutat</strong></span> 
     </span>
     <span class='ocr_line' id='line_1_6' title="bbox 137 1154 1141 1250; baseline -0.001 -25"><span class='ocrx_word' id='word_1_24' title='bbox 137 1155 301 1226; x_wconf 86' lang='lat' dir='ltr'><strong>Pacuvius</strong></span> <span class='ocrx_word' id='word_1_25' title='bbox 330 1156 521 1227; x_wconf 84' lang='lat' dir='ltr'><strong>Duloreste:</strong></span> <span class='ocrx_word' id='word_1_26' title='bbox 574 1158 673 1227; x_wconf 83' lang='lat' dir='ltr'><strong>Illum</strong></span> <span class='ocrx_word' id='word_1_27' title='bbox 705 1181 842 1250; x_wconf 81' lang='lat' dir='ltr'><strong><em>quaero,</em></strong></span> <span class='ocrx_word' id='word_1_28' title='bbox 876 1155 933 1248; x_wconf 81' lang='lat' dir='ltr'><strong>qui</strong></span> <span class='ocrx_word' id='word_1_29' title='bbox 964 1154 1141 1224; x_wconf 76' lang='lat' dir='ltr'><strong>adiurator.</strong></span> 
     </span>
     <span class='ocr_line' id='line_1_7' title="bbox 138 1258 1143 1353; baseline -0.002 -23"><span class='ocrx_word' id='word_1_30' title='bbox 138 1259 292 1330; x_wconf 84' lang='lat' dir='ltr'><strong>Afranius</strong></span> <span class='ocrx_word' id='word_1_31' title='bbox 315 1262 475 1331; x_wconf 76' lang='lat' dir='ltr'><strong>Inimicisz</strong></span> <span class='ocrx_word' id='word_1_32' title='bbox 518 1261 595 1330; x_wconf 91' lang='lat' dir='ltr'><strong>Hoc</strong></span> <span class='ocrx_word' id='word_1_33' title='bbox 616 1265 751 1330; x_wconf 84' lang='lat' dir='ltr'><strong>obsecro</strong></span> <span class='ocrx_word' id='word_1_34' title='bbox 776 1260 874 1353; x_wconf 80' lang='lat' dir='ltr'><strong>igitur</strong></span> <span class='ocrx_word' id='word_1_35' title='bbox 898 1258 1000 1352; x_wconf 69' lang='lat' dir='ltr'><strong>agite,</strong></span> <span class='ocrx_word' id='word_1_36' title='bbox 1028 1271 1061 1328; x_wconf 85' lang='lat' dir='ltr'><strong>et</strong></span> <span class='ocrx_word' id='word_1_37' title='bbox 1089 1284 1143 1328; x_wconf 83' lang='lat' dir='ltr'><strong>me</strong></span> 
     </span>
     <span class='ocr_line' id='line_1_8' title="bbox 139 1362 1143 1454; baseline -0.001 -22"><span class='ocrx_word' id='word_1_38' title='bbox 139 1365 342 1434; x_wconf 81' lang='lat' dir='ltr'><strong>adiutamioi.</strong></span> <span class='ocrx_word' id='word_1_39' title='bbox 385 1365 530 1434; x_wconf 86' lang='lat' dir='ltr'><strong>Lucilius</strong></span> <span class='ocrx_word' id='word_1_40' title='bbox 553 1365 606 1437; x_wconf 86' lang='lat' dir='ltr'><strong>lib.</strong></span> <span class='ocrx_word' id='word_1_41' title='bbox 630 1365 775 1434; x_wconf 86' lang='lat' dir='ltr'>XXVII:</span> <span class='ocrx_word' id='word_1_42' title='bbox 815 1366 889 1435; x_wconf 82' lang='lat' dir='ltr'><strong>Nec</strong></span> <span class='ocrx_word' id='word_1_43' title='bbox 909 1363 943 1431; x_wconf 85' lang='lat' dir='ltr'><strong>si</strong></span> <span class='ocrx_word' id='word_1_44' title='bbox 957 1363 1061 1454; x_wconf 84' lang='lat' dir='ltr'><strong>poulo</strong></span> <span class='ocrx_word' id='word_1_45' title='bbox 1082 1362 1143 1431; x_wconf 80' lang='lat' dir='ltr'><strong>mi-</strong></span> 
     </span>
     <span class='ocr_line' id='line_1_9' title="bbox 138 1468 856 1560; baseline -0.001 -24"><span class='ocrx_word' id='word_1_46' title='bbox 138 1492 198 1536; x_wconf 83' lang='lat' dir='ltr'><strong>nus</strong></span> <span class='ocrx_word' id='word_1_47' title='bbox 221 1493 353 1546; x_wconf 82' lang='lat' dir='ltr'><strong>usuras,</strong></span> <span class='ocrx_word' id='word_1_48' title='bbox 378 1480 410 1536; x_wconf 86' lang='lat' dir='ltr'><strong>et</strong></span> <span class='ocrx_word' id='word_1_49' title='bbox 431 1493 552 1560; x_wconf 77' lang='lat' dir='ltr'><em>magna</em></span> <span class='ocrx_word' id='word_1_50' title='bbox 574 1469 741 1536; x_wconf 81' lang='lat' dir='ltr'><strong>adiutotus</strong></span> <span class='ocrx_word' id='word_1_51' title='bbox 764 1468 856 1536; x_wconf 83' lang='lat' dir='ltr'><strong>diu.“</strong></span> 
     </span>
    </p>

    <p class='ocr_par' dir='ltr' id='par_1_4' title="bbox 137 1570 1149 2164">
     <span class='ocr_line' id='line_1_10' title="bbox 228 1570 1143 1656; baseline 0.001 -17"><span class='ocrx_word' id='word_1_52' title='bbox 228 1571 314 1640; x_wconf 87' lang='lat' dir='ltr'><strong>Edd.</strong></span> <span class='ocrx_word' id='word_1_53' title='bbox 336 1570 416 1639; x_wconf 85' lang='lat' dir='ltr'><strong>nihil</strong></span> <span class='ocrx_word' id='word_1_54' title='bbox 440 1570 602 1640; x_wconf 83' lang='lat' dir='ltr'><strong>disserunt.</strong></span> <span class='ocrx_word' id='word_1_55' title='bbox 646 1570 807 1639; x_wconf 87' lang='lat' dir='ltr'><strong>Bothius:</strong></span> <span class='ocrx_word' id='word_1_56' title='bbox 836 1570 984 1656; x_wconf 86' lang='lat' dir='ltr'><strong>„Melius</strong></span> <span class='ocrx_word' id='word_1_57' title='bbox 1016 1570 1059 1638; x_wconf 91' lang='lat' dir='ltr'><strong>sit</strong></span> <span class='ocrx_word' id='word_1_58' title='bbox 1082 1572 1143 1640; x_wconf 82' lang='lat' dir='ltr'><strong>ad·</strong></span> 
     </span>
     <span class='ocr_line' id='line_1_11' title="bbox 142 1673 1147 1746; baseline 0 -4"><span class='ocrx_word' id='word_1_59' title='bbox 142 1674 296 1746; x_wconf 82' lang='lat' dir='ltr'><strong>iutetur.“</strong></span> <span class='ocrx_word' id='word_1_60' title='bbox 350 1674 487 1744; x_wconf 78' lang='lat' dir='ltr'>Fallitur</span> <span class='ocrx_word' id='word_1_61' title='bbox 520 1674 704 1745; x_wconf 83' lang='lat' dir='ltr'><strong>manifesto.</strong></span> <span class='ocrx_word' id='word_1_62' title='bbox 761 1673 846 1745; x_wconf 89' lang='lat' dir='ltr'><strong>Nam</strong></span> <span class='ocrx_word' id='word_1_63' title='bbox 881 1675 944 1745; x_wconf 89' lang='lat' dir='ltr'><strong>nisi</strong></span> <span class='ocrx_word' id='word_1_64' title='bbox 977 1674 1147 1743; x_wconf 78' lang='lat' dir='ltr'><strong>adiurator</strong></span> 
     </span>
     <span class='ocr_line' id='line_1_12' title="bbox 143 1776 1143 1875; baseline -0.003 -26"><span class='ocrx_word' id='word_1_65' title='bbox 143 1797 232 1850; x_wconf 89' lang='lat' dir='ltr'><strong>esset</strong></span> <span class='ocrx_word' id='word_1_66' title='bbox 263 1783 297 1849; x_wconf 90' lang='lat' dir='ltr'><strong>in</strong></span> <span class='ocrx_word' id='word_1_67' title='bbox 323 1781 533 1865; x_wconf 86' lang='lat' dir='ltr'><strong>Pacuviano,</strong></span> <span class='ocrx_word' id='word_1_68' title='bbox 567 1781 600 1847; x_wconf 90' lang='lat' dir='ltr'><strong>in</strong></span> <span class='ocrx_word' id='word_1_69' title='bbox 634 1780 785 1848; x_wconf 85' lang='lat' dir='ltr'><strong>lemmate</strong></span> <span class='ocrx_word' id='word_1_70' title='bbox 819 1781 983 1875; x_wconf 84' lang='lat' dir='ltr'><strong>posuisset</strong></span> <span class='ocrx_word' id='word_1_71' title='bbox 1014 1776 1143 1848; x_wconf 88' lang='lat' dir='ltr'><strong>Nouius</strong></span> 
     </span>
     <span class='ocr_line' id='line_1_13' title="bbox 142 1882 1149 1977; baseline -0.003 -24"><span class='ocrx_word' id='word_1_72' title='bbox 142 1886 307 1954; x_wconf 68' lang='lat' dir='ltr'><strong>adiutem</strong></span> <span class='ocrx_word' id='word_1_73' title='bbox 322 1910 388 1977; x_wconf 86' lang='lat' dir='ltr'><strong>pro</strong></span> <span class='ocrx_word' id='word_1_74' title='bbox 411 1886 551 1962; x_wconf 71' lang='lat' dir='ltr'><strong>adridet,</strong></span> <span class='ocrx_word' id='word_1_75' title='bbox 583 1900 620 1956; x_wconf 83' lang='lat' dir='ltr'><strong>ut</strong></span> <span class='ocrx_word' id='word_1_76' title='bbox 640 1911 713 1953; x_wconf 91' lang='lat' dir='ltr'><strong>mos</strong></span> <span class='ocrx_word' id='word_1_77' title='bbox 739 1883 806 1953; x_wconf 88' lang='lat' dir='ltr'><strong>eius</strong></span> <span class='ocrx_word' id='word_1_78' title='bbox 829 1883 905 1968; x_wconf 85' lang='lat' dir='ltr'><strong>lert,</strong></span> <span class='ocrx_word' id='word_1_79' title='bbox 926 1883 978 1952; x_wconf 87' lang='lat' dir='ltr'><strong>vel</strong></span> <span class='ocrx_word' id='word_1_80' title='bbox 1000 1882 1149 1952; x_wconf 78' lang='lat' dir='ltr'><strong>adiutori</strong></span> 
     </span>
     <span class='ocr_line' id='line_1_14' title="bbox 137 1988 1145 2082; baseline 0.004 -26"><span class='ocrx_word' id='word_1_81' title='bbox 137 2012 203 2080; x_wconf 86' lang='lat' dir='ltr'><strong>pro</strong></span> <span class='ocrx_word' id='word_1_82' title='bbox 229 1990 391 2060; x_wconf 81' lang='lat' dir='ltr'><strong>adiutare.</strong></span> <span class='ocrx_word' id='word_1_83' title='bbox 434 1988 506 2062; x_wconf 84' lang='lat' dir='ltr'><strong>Nisi</strong></span> <span class='ocrx_word' id='word_1_84' title='bbox 534 1989 617 2057; x_wconf 83' lang='lat' dir='ltr'><strong>forte</strong></span> <span class='ocrx_word' id='word_1_85' title='bbox 650 1988 746 2058; x_wconf 84' lang='lat' dir='ltr'><strong>etiam</strong></span> <span class='ocrx_word' id='word_1_86' title='bbox 772 1988 892 2058; x_wconf 86' lang='lat' dir='ltr'><strong>lemma</strong></span> <span class='ocrx_word' id='word_1_87' title='bbox 921 1988 1053 2082; x_wconf 84' lang='lat' dir='ltr'><strong>corrigit</strong></span> <span class='ocrx_word' id='word_1_88' title='bbox 1075 1989 1145 2060; x_wconf 88' lang='lat' dir='ltr'><strong>Bo-</strong></span> 
     </span>
     <span class='ocr_line' id='line_1_15' title="bbox 143 2093 241 2164; baseline 0.031 -3"><span class='ocrx_word' id='word_1_89' title='bbox 143 2093 241 2164; x_wconf 86' lang='lat' dir='ltr'><strong>thius.</strong></span> 
     </span>
    </p>
   </div>
   <div class='ocr_carea' id='block_1_4' title="bbox 363 2412 925 2509">
    <p class='ocr_par' dir='ltr' id='par_1_5' title="bbox 363 2412 925 2509">
     <span class='ocr_line' id='line_1_16' title="bbox 363 2412 925 2509; baseline -0.005 -18"><span class='ocrx_word' id='word_1_90' title='bbox 363 2417 476 2492; x_wconf 84' lang='lat' dir='ltr'>XXV.</span> <span class='ocrx_word' id='word_1_91' title='bbox 526 2413 661 2508; x_wconf 87' lang='lat' dir='ltr'><strong>(Both.</strong></span> <span class='ocrx_word' id='word_1_92' title='bbox 687 2412 824 2488; x_wconf 84' lang='lat' dir='ltr'><strong>Dulor.</strong></span> <span class='ocrx_word' id='word_1_93' title='bbox 848 2413 925 2509; x_wconf 76' lang='lat'>25.)</span> 
     </span>
    </p>
   </div>
   <div class='ocr_carea' id='block_1_5' title="bbox 236 2607 1149 2705">
    <p class='ocr_par' dir='ltr' id='par_1_6' title="bbox 236 2607 1149 2705">
     <span class='ocr_line' id='line_1_17' title="bbox 236 2607 1149 2705; baseline 0.001 -28"><span class='ocrx_word' id='word_1_94' title='bbox 236 2610 366 2681; x_wconf 80' lang='lat' dir='ltr'><strong>Nouius</strong></span> <span class='ocrx_word' id='word_1_95' title='bbox 393 2636 426 2705; x_wconf 92' lang='lat' dir='ltr'><strong>p.</strong></span> <span class='ocrx_word' id='word_1_96' title='bbox 449 2619 524 2685; x_wconf 73' lang='lat'><strong>269.</strong></span> <span class='ocrx_word' id='word_1_97' title='bbox 552 2608 673 2677; x_wconf 74' lang='lat' dir='ltr'><strong>Moru:</strong></span> <span class='ocrx_word' id='word_1_98' title='bbox 718 2662 737 2694; x_wconf 86' lang='lat'><strong>‚,</strong></span> <span class='ocrx_word' id='word_1_99' title='bbox 750 2609 963 2680; x_wconf 72' lang='lat' dir='ltr'><strong>Consternati</strong></span> <span class='ocrx_word' id='word_1_100' title='bbox 987 2607 1149 2701; x_wconf 81' lang='lat' dir='ltr'><strong>significat</strong></span> 
     </span>
    </p>
   </div>
   <div class='ocr_carea' id='block_1_6' title="bbox 26 2712 1148 2809">
    <p class='ocr_par' dir='ltr' id='par_1_7' title="bbox 26 2712 1148 2809">
     <span class='ocr_line' id='line_1_18' title="bbox 26 2712 1148 2809; baseline 0.002 -27"><span class='ocrx_word' id='word_1_101' title='bbox 26 2720 34 2729; x_wconf 83' lang='lat'>&#39;</span> <span class='ocrx_word' id='word_1_102' title='bbox 149 2713 254 2783; x_wconf 90' lang='lat' dir='ltr'><strong>deiici.</strong></span> <span class='ocrx_word' id='word_1_103' title='bbox 289 2712 500 2783; x_wconf 80' lang='lat' dir='ltr'><strong>Consternati</strong></span> <span class='ocrx_word' id='word_1_104' title='bbox 522 2740 650 2783; x_wconf 86' lang='lat' dir='ltr'><strong>rursum</strong></span> <span class='ocrx_word' id='word_1_105' title='bbox 674 2715 761 2809; x_wconf 84' lang='lat' dir='ltr'><strong>erigi.</strong></span> <span class='ocrx_word' id='word_1_106' title='bbox 794 2716 895 2788; x_wconf 81' lang='lat' dir='ltr'><strong>Pacu.</strong></span> <span class='ocrx_word' id='word_1_107' title='bbox 918 2715 952 2783; x_wconf 91' lang='lat' dir='ltr'><strong>in</strong></span> <span class='ocrx_word' id='word_1_108' title='bbox 967 2714 1148 2785; x_wconf 66' lang='lat' dir='ltr'><strong>Periboea:</strong></span> 
     </span>
    </p>
   </div>
   <div class='ocr_carea' id='block_1_7' title="bbox 99 2815 1153 4063">
    <p class='ocr_par' dir='ltr' id='par_1_8' title="bbox 144 2815 1149 3432">
     <span class='ocr_line' id='line_1_19' title="bbox 150 2815 1148 2912; baseline 0.006 -28"><span class='ocrx_word' id='word_1_109' title='bbox 150 2815 368 2888; x_wconf 86' lang='lat' dir='ltr'><strong>Consternate</strong></span> <span class='ocrx_word' id='word_1_110' title='bbox 393 2820 515 2903; x_wconf 84' lang='lat' dir='ltr'><strong>anime,</strong></span> <span class='ocrx_word' id='word_1_111' title='bbox 545 2846 583 2887; x_wconf 88' lang='lat' dir='ltr'><strong>ex</strong></span> <span class='ocrx_word' id='word_1_112' title='bbox 610 2836 742 2912; x_wconf 84' lang='lat' dir='ltr'><strong>pectore</strong></span> <span class='ocrx_word' id='word_1_113' title='bbox 766 2821 827 2889; x_wconf 89' lang='lat' dir='ltr'><strong>hac</strong></span> <span class='ocrx_word' id='word_1_114' title='bbox 852 2832 883 2888; x_wconf 77' lang='lat' dir='ltr'><strong>et</strong></span> <span class='ocrx_word' id='word_1_115' title='bbox 904 2819 1033 2890; x_wconf 87' lang='lat' dir='ltr'><strong>volvere</strong></span> <span class='ocrx_word' id='word_1_116' title='bbox 1058 2818 1148 2890; x_wconf 87' lang='lat' dir='ltr'><strong>Con·</strong></span> 
     </span>
     <span class='ocr_line' id='line_1_20' title="bbox 144 2922 1149 3018; baseline 0.002 -27"><span class='ocrx_word' id='word_1_117' title='bbox 144 2922 254 2991; x_wconf 84' lang='lat' dir='ltr'><strong>silium</strong></span> <span class='ocrx_word' id='word_1_118' title='bbox 284 2922 369 2991; x_wconf 91' lang='lat' dir='ltr'><strong>subit</strong></span> <span class='ocrx_word' id='word_1_119' title='bbox 397 2949 528 3007; x_wconf 76' lang='lat' dir='ltr'><strong>omneS,</strong></span> <span class='ocrx_word' id='word_1_120' title='bbox 559 2924 647 3018; x_wconf 92' lang='lat' dir='ltr'><strong>quod</strong></span> <span class='ocrx_word' id='word_1_121' title='bbox 677 2924 717 2991; x_wconf 92' lang='lat' dir='ltr'><strong>de</strong></span> <span class='ocrx_word' id='word_1_122' title='bbox 747 2940 824 2992; x_wconf 84' lang='lat' dir='ltr'><strong>nata</strong></span> <span class='ocrx_word' id='word_1_123' title='bbox 854 2940 903 2993; x_wconf 91' lang='lat' dir='ltr'><strong>est</strong></span> <span class='ocrx_word' id='word_1_124' title='bbox 929 2925 1046 3010; x_wconf 79' lang='lat' dir='ltr'><strong>mod03</strong></span> <span class='ocrx_word' id='word_1_125' title='bbox 1078 2923 1149 3014; x_wconf 85' lang='lat' dir='ltr'><strong>Qui</strong></span> 
     </span>
     <span class='ocr_line' id='line_1_21' title="bbox 147 3027 1149 3122; baseline 0.005 -27"><span class='ocrx_word' id='word_1_126' title='bbox 147 3043 245 3122; x_wconf 85' lang='lat' dir='ltr'><strong>pacto</strong></span> <span class='ocrx_word' id='word_1_127' title='bbox 268 3027 405 3096; x_wconf 91' lang='lat' dir='ltr'><strong>inimicis</strong></span> <span class='ocrx_word' id='word_1_128' title='bbox 428 3045 582 3110; x_wconf 88' lang='lat' dir='ltr'><strong>mortem,</strong></span> <span class='ocrx_word' id='word_1_129' title='bbox 614 3044 646 3096; x_wconf 84' lang='lat' dir='ltr'><strong>et</strong></span> <span class='ocrx_word' id='word_1_130' title='bbox 667 3027 741 3097; x_wconf 89' lang='lat' dir='ltr'><strong>huic</strong></span> <span class='ocrx_word' id='word_1_131' title='bbox 764 3029 863 3097; x_wconf 86' lang='lat' dir='ltr'><strong>vitam</strong></span> <span class='ocrx_word' id='word_1_132' title='bbox 887 3029 1011 3101; x_wconf 84' lang='lat' dir='ltr'><strong>efferas.</strong></span> <span class='ocrx_word' id='word_1_133' title='bbox 1055 3031 1149 3100; x_wconf 90' lang='lat' dir='ltr'><strong>Idem</strong></span> 
     </span>
     <span class='ocr_line' id='line_1_22' title="bbox 148 3130 1149 3228; baseline 0.003 -29"><span class='ocrx_word' id='word_1_134' title='bbox 148 3130 341 3202; x_wconf 85' lang='lat' dir='ltr'><strong>Duloreste:</strong></span> <span class='ocrx_word' id='word_1_135' title='bbox 394 3133 488 3202; x_wconf 84' lang='lat' dir='ltr'><strong>Unde</strong></span> <span class='ocrx_word' id='word_1_136' title='bbox 520 3132 692 3200; x_wconf 75' lang='lat' dir='ltr'><strong>exoritur?</strong></span> <span class='ocrx_word' id='word_1_137' title='bbox 725 3158 787 3227; x_wconf 81' lang='lat' dir='ltr'><strong>quo</strong></span> <span class='ocrx_word' id='word_1_138' title='bbox 816 3134 986 3226; x_wconf 80' lang='lat' dir='ltr'><strong>praesidio</strong></span> <span class='ocrx_word' id='word_1_139' title='bbox 1005 3135 1149 3228; x_wconf 83' lang='lat' dir='ltr'><strong>fretus?</strong></span> 
     </span>
     <span class='ocr_line' id='line_1_23' title="bbox 148 3236 1148 3330; baseline 0.004 -25"><span class='ocrx_word' id='word_1_140' title='bbox 148 3236 283 3307; x_wconf 68' lang='lat' dir='ltr'><strong>auxiliis</strong></span> <span class='ocrx_word' id='word_1_141' title='bbox 305 3236 443 3330; x_wconf 81' lang='lat' dir='ltr'><strong>quibus?</strong></span> <span class='ocrx_word' id='word_1_142' title='bbox 480 3237 554 3327; x_wconf 82' lang='lat' dir='ltr'><strong>Quo</strong></span> <span class='ocrx_word' id='word_1_143' title='bbox 576 3237 711 3307; x_wconf 81' lang='lat' dir='ltr'><strong>consilio</strong></span> <span class='ocrx_word' id='word_1_144' title='bbox 733 3240 983 3306; x_wconf 76' lang='lat' dir='ltr'><strong>consternatur?</strong></span> <span class='ocrx_word' id='word_1_145' title='bbox 1005 3263 1071 3330; x_wconf 81' lang='lat' dir='ltr'><strong>qua</strong></span> <span class='ocrx_word' id='word_1_146' title='bbox 1093 3239 1148 3309; x_wconf 77' lang='lat' dir='ltr'><strong>ei?</strong></span> 
     </span>
     <span class='ocr_line' id='line_1_24' title="bbox 146 3340 412 3432; baseline 0.008 -23"><span class='ocrx_word' id='word_1_147' title='bbox 146 3340 236 3410; x_wconf 74' lang='lat' dir='ltr'><strong>cuius</strong></span> <span class='ocrx_word' id='word_1_148' title='bbox 258 3341 412 3432; x_wconf 72' lang='lat' dir='ltr'><strong>copzis‘?“</strong></span> 
     </span>
    </p>

    <p class='ocr_par' dir='ltr' id='par_1_9' title="bbox 99 3444 1153 4063">
     <span class='ocr_line' id='line_1_25' title="bbox 234 3444 1151 3540; baseline 0.007 -27"><span class='ocrx_word' id='word_1_149' title='bbox 234 3444 320 3514; x_wconf 84' lang='lat' dir='ltr'><strong>Edd.</strong></span> <span class='ocrx_word' id='word_1_150' title='bbox 337 3445 415 3514; x_wconf 88' lang='lat' dir='ltr'><strong>nihil</strong></span> <span class='ocrx_word' id='word_1_151' title='bbox 434 3445 588 3515; x_wconf 82' lang='lat' dir='ltr'><strong>differunt</strong></span> <span class='ocrx_word' id='word_1_152' title='bbox 601 3445 633 3513; x_wconf 90' lang='lat' dir='ltr'><strong>in</strong></span> <span class='ocrx_word' id='word_1_153' title='bbox 649 3445 972 3540; x_wconf 85' lang='lat' dir='ltr'><strong>posteriorePacuvii</strong></span> <span class='ocrx_word' id='word_1_154' title='bbox 981 3447 1069 3530; x_wconf 92' lang='lat' dir='ltr'><strong>loco,</strong></span> <span class='ocrx_word' id='word_1_155' title='bbox 1082 3447 1151 3518; x_wconf 92' lang='lat' dir='ltr'><strong>nisi</strong></span> 
     </span>
     <span class='ocr_line' id='line_1_26' title="bbox 148 3547 1152 3643; baseline 0.003 -26"><span class='ocrx_word' id='word_1_156' title='bbox 148 3547 237 3642; x_wconf 80' lang='lat' dir='ltr'><strong>quod</strong></span> <span class='ocrx_word' id='word_1_157' title='bbox 252 3556 500 3619; x_wconf 72' lang='lat' dir='ltr'><strong>consternatum</strong></span> <span class='ocrx_word' id='word_1_158' title='bbox 513 3550 727 3643; x_wconf 73' lang='lat' dir='ltr'><strong>Parsraetus</strong></span> <span class='ocrx_word' id='word_1_159' title='bbox 742 3552 828 3621; x_wconf 90' lang='lat' dir='ltr'><strong>lens.</strong></span> <span class='ocrx_word' id='word_1_160' title='bbox 862 3549 930 3620; x_wconf 87' lang='lat' dir='ltr'><strong>Sed</strong></span> <span class='ocrx_word' id='word_1_161' title='bbox 944 3578 1012 3621; x_wconf 91' lang='lat' dir='ltr'><strong>nou</strong></span> <span class='ocrx_word' id='word_1_162' title='bbox 1028 3551 1152 3620; x_wconf 90' lang='lat' dir='ltr'><strong>iniuria</strong></span> 
     </span>
     <span class='ocr_line' id='line_1_27' title="bbox 148 3648 1153 3749; baseline 0.006 -31"><span class='ocrx_word' id='word_1_163' title='bbox 148 3648 465 3737; x_wconf 76' lang='lat' dir='ltr'><strong>offenditBothius,</strong></span> <span class='ocrx_word' id='word_1_164' title='bbox 496 3653 549 3749; x_wconf 89' lang='lat' dir='ltr'><strong>qui</strong></span> <span class='ocrx_word' id='word_1_165' title='bbox 571 3679 631 3748; x_wconf 93' lang='lat' dir='ltr'><strong>pro</strong></span> <span class='ocrx_word' id='word_1_166' title='bbox 653 3666 880 3724; x_wconf 83' lang='lat' dir='ltr'><strong>consternatur</strong></span> <span class='ocrx_word' id='word_1_167' title='bbox 902 3656 1012 3724; x_wconf 89' lang='lat' dir='ltr'><strong>scribit</strong></span> <span class='ocrx_word' id='word_1_168' title='bbox 1033 3657 1153 3748; x_wconf 82' lang='lat' dir='ltr'><strong>confir·</strong></span> 
     </span>
     <span class='ocr_line' id='line_1_28' title="bbox 147 3755 1151 3854; baseline 0.003 -29"><span class='ocrx_word' id='word_1_169' title='bbox 147 3765 271 3831; x_wconf 77' lang='lat' dir='ltr'><strong>matur,</strong></span> <span class='ocrx_word' id='word_1_170' title='bbox 302 3755 388 3824; x_wconf 89' lang='lat' dir='ltr'><strong>etin</strong></span> <span class='ocrx_word' id='word_1_171' title='bbox 411 3757 496 3825; x_wconf 87' lang='lat' dir='ltr'><strong>notis</strong></span> <span class='ocrx_word' id='word_1_172' title='bbox 520 3758 625 3826; x_wconf 79' lang='lat' dir='ltr'><strong>addit:</strong></span> <span class='ocrx_word' id='word_1_173' title='bbox 656 3758 882 3854; x_wconf 55' lang='lat' dir='ltr'><strong>„Depravate</strong></span> <span class='ocrx_word' id='word_1_174' title='bbox 905 3757 1033 3832; x_wconf 87' lang='lat' dir='ltr'><strong>Nonius</strong></span> <span class='ocrx_word' id='word_1_175' title='bbox 1061 3756 1151 3828; x_wconf 85' lang='lat' dir='ltr'><strong>Con-</strong></span> 
     </span>
     <span class='ocr_line' id='line_1_29' title="bbox 99 3858 1152 3952; baseline 0.012 -29"><span class='ocrx_word' id='word_1_176' title='bbox 99 3919 102 3923; x_wconf 85' lang='grc'><em>,</em></span> <span class='ocrx_word' id='word_1_177' title='bbox 145 3858 293 3930; x_wconf 68' lang='lat' dir='ltr'><strong>stercori</strong></span> <span class='ocrx_word' id='word_1_178' title='bbox 321 3902 364 3914; x_wconf 92' lang='lat'><em>-</em></span> <span class='ocrx_word' id='word_1_179' title='bbox 398 3858 489 3952; x_wconf 81' lang='lat' dir='ltr'><strong>erigi.</strong></span> <span class='ocrx_word' id='word_1_180' title='bbox 545 3858 644 3931; x_wconf 82' lang='lat' dir='ltr'><strong>Certa</strong></span> <span class='ocrx_word' id='word_1_181' title='bbox 677 3862 904 3933; x_wconf 80' lang='lat' dir='ltr'><strong>emendatione</strong></span> <span class='ocrx_word' id='word_1_182' title='bbox 939 3863 1152 3936; x_wconf 89' lang='lat' dir='ltr'><strong>scribendum</strong></span> 
     </span>
     <span class='ocr_line' id='line_1_30' title="bbox 147 3964 1149 4063; baseline 0.01 -28"><span class='ocrx_word' id='word_1_183' title='bbox 147 3978 209 4036; x_wconf 80' lang='lat' dir='ltr'><strong>est:</strong></span> <span class='ocrx_word' id='word_1_184' title='bbox 242 4007 285 4021; x_wconf 90' lang='lat'><em>-</em></span> <span class='ocrx_word' id='word_1_185' title='bbox 318 4005 362 4020; x_wconf 91' lang='lat'><em>-</em></span> <span class='ocrx_word' id='word_1_186' title='bbox 401 3964 475 4058; x_wconf 82' lang='lat' dir='ltr'><strong>Quo</strong></span> <span class='ocrx_word' id='word_1_187' title='bbox 507 3990 536 4035; x_wconf 90' lang='lat' dir='ltr'><strong>c.</strong></span> <span class='ocrx_word' id='word_1_188' title='bbox 569 3969 804 4063; x_wconf 63' lang='grc' dir='ltr'><strong>εονῄνιιιαίιιν*ί</strong></span> <span class='ocrx_word' id='word_1_189' title='bbox 832 3983 893 4038; x_wconf 87' lang='lat' dir='ltr'><strong>etc.</strong></span> <span class='ocrx_word' id='word_1_190' title='bbox 944 3965 1022 4040; x_wconf 88' lang='lat' dir='ltr'><strong>Nou</strong></span> <span class='ocrx_word' id='word_1_191' title='bbox 1048 3968 1149 4045; x_wconf 62' lang='lat' dir='ltr'><strong>malea</strong></span> 
     </span>
    </p>
   </div>
   <div class='ocr_carea' id='block_1_8' title="bbox 0 0 1289 4432">
    <p class='ocr_par' dir='ltr' id='par_1_10' title="bbox 0 0 1289 4432">
     <span class='ocr_line' id='line_1_31' title="bbox 0 0 1289 4432; baseline 0 0"><span class='ocrx_word' id='word_1_192' title='bbox 0 0 1289 4432; x_wconf 95' lang='lat' dir='ltr'><strong> </strong></span> 
     </span>
    </p>
   </div>
  </div>
 </body>
</html>
