2566 4432
583 238 637 314 25

10 486 14 492 .
118 402 318 520 Equidem
346 413 489 503 fateor,
519 415 563 490 in
593 413 717 514 priori
749 413 1008 514 parte‘huius
1028 413 1115 515 opi·

117 532 251 608 nionis
276 554 360 608 non
386 530 476 605 satis
499 529 600 605 mihi
626 553 721 605 cum
737 529 826 604 viro
846 529 1001 626 egregio
1020 553 1115 604 con-

118 646 262 722 venire.
310 649 415 721 Nam
440 642 510 718 etsi
535 632 643 744 apud
669 646 841 719 Graecos
864 638 960 717 fere
984 665 1114 744 usque

120 758 172 836 ad
208 758 459 835 centesimam
499 755 768 859 olympiadem
802 770 842 832 et
870 756 992 856 paulo
1025 771 1117 859 post

119 873 200 948 ille·
217 897 314 949 usus
347 871 535 958 obtinuit,
566 884 763 972 utapro
796 897 836 946 ov
869 871 1115 959 scriberetur,

120 987 234 1062 cuius
257 986 415 1084 vestigia
439 984 633 1087 nonnulla
651 998 866 1086 supersunt
884 985 992 1086 apud
1007 986 1117 1087 ipsos

119 1100 225 1176 illius
251 1101 383 1176 aetatis
408 1100 627 1200 scriptores,
652 1098 829 1200 quorum
847 1100 958 1175 libris
975 1125 1117 1177 aevum
1216 1188 1218 1192 y

121 1215 297 1316 pepercit
316 1210 394 1312 86),
419 1213 526 1314 apud
550 1212 712 1289 Latinos
735 1228 869 1290 tamen
894 1210 980 1288 non
1003 1212 1118 1289 facile

120 1327 307 1428 reperias,
342 1327 411 1429 qui
443 1357 466 1404 o
490 1352 566 1428 pro
593 1355 621 1404 u
643 1327 761 1425 longa
788 1326 999 1428 scripserit,
1025 1351 1119 1403 cum

120 1442 162 1516 in
186 1443 295 1518 brevi
321 1441 466 1540 syllaba
492 1440 582 1518 satis
606 1439 795 1542 frequens
819 1441 885 1517 ille
910 1466 1008 1517 usus
1031 1439 1119 1516 fue-

118 1555 171 1630 rit
190 1555 266 1652 ⁵⁷);
292 1557 502 1657 antiquum
527 1571 661 1632 autem
677 1555 794 1632 illum
811 1554 1007 1656 loquendi
1026 1554 1130 1640 scri·'¹

36 1677 39 1691 '
119 1668 337 1771 bendique'
354 1694 530 1755 morem,
556 1693 639 1770 quo
673 1692 704 1742 e.
730 1691 764 1764 g.
790 1667 1019 1744 adulescens
1043 1692 1118 1768 pro

120 1781 348 1858 adolescens
373 1781 587 1869 dicebatur,
604 1806 688 1856 non
708 1806 849 1857 vereor
864 1806 916 1857 ne
933 1782 1022 1884 quis
1039 1782 1121 1857 huc

123 1895 311 1971 allaturus
344 1895 411 1982 sit3
443 1918 589 1994 nempe
615 1896 783 1971 omnino
809 1895 875 1970 ille
900 1896 1120 1971 contrarius

122 2006 244 2095 soret,
283 2033 376 2083 cum
408 2010 608 2110 antiquius
639 2008 765 2086 ferme
798 2010 848 2086 sit
881 2009 1123 2099 adulescens,
1155 2104 1158 2109 p

121 2122 318 2197 recentior
350 2123 540 2224 scriptura
572 2148 645 2224 per
676 2155 699 2201 o
736 2114 916 2201 litteram.
981 2127 1121 2226 Itaque

120 2237 289 2312 missum
330 2235 521 2313 faciamus
556 2237 666 2314 illam
703 2237 923 2316 litterarum
961 2267 984 2314 o
1023 2253 1062 2315 et
1093 2248 1122 2317 'u

119 2352 466 2452 permutationem.
1064 2362 1067 2367 ’
1187 2365 1188 2368 ’

217 2469 265 2542 ln
291 2466 424 2554 altero,
450 2465 563 2568 quod
582 2466 755 2543 Naekius
779 2465 980 2568 proponit,
1003 2464 1121 2542 libra-

121 2579 191 2654 riis
216 2576 467 2655 obversatum
494 2604 578 2656 esse
603 2583 747 2670 dolum,
771 2579 886 2656 facile
909 2579 965 2656 illi
991 2584 1120 2655 assen-

122 2695 253 2781 timus,
277 2693 489 2795 praecipue
513 2694 545 2768 si
572 2694 622 2769 de
646 2694 729 2795 ipsa
749 2693 914 2795 abrupta
930 2695 1121 2796 scriptura

123 2811 226 2884 dulc.
252 2809 448 2907 cogitavit3
480 2833 733 2909 quamquamv
759 2831 843 2882 non
868 2808 1004 2883 minus
1027 2807 1121 2884 faci-

123 2922 170 2996 lis
196 2948 217 2998 a
242 2926 381 2999 dulore.
409 2923 460 2998 ad
476 2926 645 2998 dolorem
660 2921 854 2998 aberratio
873 2920 1002 2998 suerit.
1042 2927 1121 2998 Po·

34 3117 37 3121 ,
123 3037 199 3112 tuit
222 3037 277 3112 sic
304 3039 398 3112 oriri
424 3038 540 3115 lectio
565 3039 801 3127 Dulorestes,·
827 3049 866 3112 at
890 3036 923 3111 si
948 3037 1120 3134 genuina

200 3363 259 3441 56)
298 3364 352 3424 Ex.
368 3362 423 3424 Gr.
435 3384 480 3444 ap.
498 3362 661 3425 Pindarum.
695 3362 768 3424 Vide
788 3361 927 3423 Boeckbii
946 3370 1021 3421 nott
1044 3359 1121 3423 crite
1152 3438 1153 3442 Ἰ

122 3481 152 3543 p.
170 3460 239 3521 348.
589 3456 593 3465 ‘

200 3593 261 3674 57)
300 3591 375 3653 Vide
407 3589 536 3672 exempla
564 3589 640 3671 apud
664 3589 751 3651 Grut.
781 3592 868 3652 luscr.
894 3582 1066 3653 DCCCLX.
1092 3594 1120 3651 5.

124 3688 311 3767 (edocatus).
356 3686 458 3748 cclv.
483 3687 630 3764 (ficuum,
652 3686 705 3747 etsi
724 3686 780 3748 boc
800 3688 882 3748 aliam
902 3689 986 3749 etiam
1006 3708 1122 3749 excusa-

88 3838 92 3847 ,
122 3782 232 3843 tionem
251 3781 481 3852 admittit;'ibid.
507 3782 682 3859 confluunt.)
724 3782 813 3857 Quod
833 3783 893 3844 fere
913 3782 1005 3843 solum
1030 3782 1121 3870 possit

123 3877 213 3938 simile
238 3877 344 3955 videri,
360 3881 468 3955 futoro
495 3877 654 3954 (cccxl,
682 3877 736 3956 2),
762 3879 860 3940 aetatis
881 3889 924 3940 est
944 3878 1120 3940 recentioris.

124 3972 183 4034 Sed
203 3974 239 4034 cl.
260 3993 331 4053 quae
348 3972 466 4034 diximus
487 3973 520 4034 ad
540 3974 577 4034 fr.
597 3974 647 4032 Vl.
