2566 4432
666 236 717 312 28

191 418 454 493 memoratum
496 406 643 487 deinde
683 434 705 486 a
738 407 897 486 Pacuvii
933 404 1067 485 fabula
1103 434 1193 486 non

191 522 316 598 aliena
349 536 442 600 sunt
464 523 531 601 illa
556 522 673 599 verba
699 549 721 599 a
745 515 1094 612 Nonio'laudata;·
1109 549 1191 626 qua

190 634 240 711 de
273 661 317 713 re
347 636 448 714 infra
481 638 732 714 disseremus.
790 641 929 739 ltaque
954 638 1192 714 verisimilli-

188 774 304 826 mum
330 764 397 840 est,
421 751 676 828 librariorum
702 751 876 852 aliquem
898 750 960 827 vel
979 752 1097 828 Ennii
1114 776 1192 828 no-

187 889 283 942 men
314 890 390 967 pro
423 866 582 942 Pacuvii
615 867 782 942 nomine
814 865 1093 966 adscripsisse·
1117 866 1191 954 vel,

188 978 301 1080 quod
330 1004 415 1056 non
440 980 601 1057 raro'in
626 981 763 1058 Nonio
782 978 936 1056 tactrun
963 993 1036 1069 est,
1068 980 1191 1056 omis-

187 1093 239 1168 sis
265 1119 366 1194 quae
384 1093 434 1170 ad
451 1094 630 1171 Ennium
649 1094 899 1197 pertinebant
919 1095 1050 1171 verbis
1065 1101 1208 1173 Pacu<

186 1207 320 1310 viique
336 1209 514 1298 nomine,
531 1235 634 1311 quae
651 1235 697 1286 ex
712 1211 834 1288 huius
845 1208 1057 1286 Duloreste
1076 1209 1190 1286 allata

186 1337 289 1410 sunt,
313 1324 445 1397 statim
468 1335 562 1420 post
584 1323 703 1397 Ennii
728 1325 1087 1421 nomen'posuisse
1101 1321 1171 1422 ⁶³).

281 1434 440 1510 Eodem
476 1433 560 1510 lere
592 1432 720 1508 modo
756 1433 935 1510 Varronis
966 1436 1188 1514 Dulorestes

185 1548 420 1625 nominatur
456 1547 564 1650 apud
596 1545 779 1624 Nonium
819 1548 836 1645 (
843 1571 877 1622 v.
907 1550 1060 1646 meret)
1093 1551 1188 1628 loco

185 1677 319 1765 aperte
357 1676 565 1766 corrupto,
602 1675 651 1738 ut
689 1660 841 1762 optime
879 1661 1053 1738 ostendit
1085 1666 1188 1741 Nae-

182 1778 273 1855 kius
296 1776 379 1877 ⁶⁴),
413 1793 453 1855 et
474 1779 518 1854 in
543 1801 626 1880 quo
651 1777 819 1853 Pacuvii
836 1774 1106 1874 fragmentum
1130 1775 1186 1852 la-

98 1952 101 1958 .
183 1906 266 1969 tere
290 1893 401 1970 idem
427 1906 540 1970 acute
573 1892 802 1993 suspicatur.
863 1892 925 1968 De
939 1930 942 1935 ·
957 1891 1037 1968 hoc
1067 1896 1186 1967 versuv

183 2022 321 2110 postea
345 2007 566 2108 loquemur
586 2003 623 2055 ⁶⁵
636 2005 663 2100 ).

281 2118 405 2215 Quod
444 2143 490 2195 ex
522 2141 607 2195 uno
645 2117 836 2195 Varronis
868 2117 960 2195 loco
982 2115 1051 2217 ⁶⁶)
1078 2118 1186 2196 colli-
1218 2192 1220 2197 .

183 2234 361 2333 gendum
386 2245 578 2335 putarunt
602 2230 702 2307 olim
727 2232 799 2307 viri
825 2231 944 2321 docti,
968 2235 1103 2309 Naevii
1124 2256 1186 2308 ex-

182 2349 304 2426 titisse
328 2349 588 2433 Dulorestem,
614 2344 659 2421 id
683 2346 785 2422 iusta
810 2346 889 2422 loci
913 2346 1184 2446 interpretatio

183 2464 363 2541 excludit.
412 2461 603 2539 Varronis
628 2461 746 2536 verba
770 2459 868 2536 haec
894 2476 1001 2538 sunt:
1034 2502 1112 2549 „—
1138 2501 1185 2516 -

183 2579 291 2681 apud
322 2577 518 2654 Naevium
549 2575 592 2648 in
617 2575 773 2652 Esiona.
822 2578 1038 2654 Enimvero
1064 2572 1185 2671 gladii

184 2781 385 2802 m

262 2903 324 2982 63)
366 2900 462 2978 Quid,
490 2900 569 2980 quod
589 2902 673 2963 etiam
693 2903 761 2964 viris
782 2901 873 2962 doctis
893 2901 969 2961 baud
987 2919 1054 2960 raro
1074 2897 1186 2976 accidit,

181 3012 215 3062 ut
237 3011 388 3061 auctorum
413 2995 530 3057 nomina
553 3009 763 3078 permutarent;
794 3018 858 3058 nam
884 2998 914 3057 in
940 2995 1003 3078 ipso
1028 2995 1185 3056 Duloreste

180 3097 310 3160 Valesius
330 3096 421 3175 (nott
441 3094 477 3154 ad
495 3093 633 3155 Maussaci
650 3105 734 3153 notas
747 3094 777 3152 in
790 3092 1061 3174 Harpocrationem‚
1074 3113 1103 3172 p.
1115 3091 1184 3151 317.

179 3193 226 3254 ed.
247 3191 403 3270 Gronov.)
423 3190 542 3268 fallitur,
561 3189 610 3270 ubi
631 3189 682 3250 ait:
704 3188 877 3266 „Caecilius
897 3192 928 3250 in
947 3190 1102 3249 Duloreste
1122 3184 1184 3247 lau·

179 3289 264 3350 datur
283 3311 299 3350 a
318 3287 418 3351 Nonio
439 3299 469 3349 et
488 3287 577 3348 aliis.“

257 3417 318 3496 64)
339 3418 490 3480 Dissertat.
510 3441 538 3500 p.
559 3418 636 3479 Vlll.

257 3548 318 3627 65)
359 3551 501 3634 Fragmm.
521 3550 655 3634 Appond·
677 3551 697 3609 l.

258 3681 316 3758 66)
358 3683 404 3744 De
425 3684 459 3742 L.
481 3682 514 3741 L.
535 3704 564 3761 p.
580 3683 647 3741 101.
667 3682 711 3742 ed.
733 3682 796 3762 Bip.
837 3683 902 3742 Hoc
923 3693 1018 3741 tamen
1039 3680 1104 3741 loco
1122 3680 1184 3741 Co·

179 3779 319 3852 lumnam,
346 3781 395 3856 qui
421 3779 485 3856 (ed.
512 3776 599 3835 Ennii
626 3799 654 3857 p.
681 3777 761 3853 391)
786 3797 802 3839 e
823 3776 954 3836 Varrone
976 3777 1087 3860 colligit
1106 3777 1183 3836 Nae-

178 3875 256 3936 vium
270 3873 418 3954 scripsisse
439 3872 640 3946 Dulorestem,
660 3871 782 3933 Bothius
803 3892 863 3932 non
884 3873 1028 3955 sequitur,
1048 3872 1097 3933 sed
1117 3895 1183 3934 ter-

180 3993 241 4031 sum
262 3981 340 4032 recte
362 3969 485 4031 Pacuvio
506 3966 616 4028 tribuit.
