2566 4432
645 239 719 313 ,44

292 413 448 514 σιγῶμεν
473 407 589 491 αὐταί·
615 409 734 520 πατρὶ
755 411 917 519 τιμωρῶν
932 411 1027 516 aad.
1096 422 1107 523 ’1

292 518 335 606 io
358 523 410 604 rai
432 523 580 636 μητρός·
606 519 685 606 ov'di
710 553 765 604 rot
789 521 905 607 κλῦειν
925 520 1065 607 suade.

195 741 234 803 et
259 724 308 802 ad
335 723 504 800 eandem
528 724 763 800 sententiam
788 723 879 799 licet
901 721 1049 801 referre
1073 728 1198 802 Pacu·

193 840 356 918 sianum
382 837 521 936 (Both.
548 842 605 912 13.
630 839 725 913 nob.
750 837 823 935 d.):

463 1058 514 1074 ·-
541 1016 672 1117 Quid?
701 974 901 1120 quondam
933 1021 971 1089 dt
999 1016 1099 1094 mibi

241 1132 354 1231 Piget
376 1147 580 1232 paternum
603 1137 761 1216 ndmen,
787 1133 1000 1205 moterndm
1018 1133 1138 1232 pudet

242 1247 403 1348 Prosdrr'
422 1282 473 1299 -·

279 1426 394 1497 'Haec
419 1421 540 1517 igitur
565 1444 659 1512 cum
684 1443 768 1495 non
789 1419 995 1520 potuerint
1011 1445 1095 1496 non
1114 1445 1197 1497 esse

192 1549 355 1622 narrata,
374 1530 538 1610 exordio
558 1533 829 1610 adscribamus
847 1531 954 1619 licet;
971 1535 1082 1610 unde
1096 1559 1198 1636 quo-

193 1648 416 1724 dammodo
436 1647 580 1750 duplex
598 1648 742 1724 exsistit
757 1646 961 1748 prologus,
979 1647 1075 1722 alter
1090 1646 1199 1748 lphiss

191 1763 338 1861 geniae,
366 1786 448 1862 quo
474 1787 537 1838 res
562 1763 705 1839 Aulide
731 1774 856 1860 gestas
883 1761 1063 1862 exposuit
1087 1763 1199 1856 (nam

191 1902 294 1978 quae
320 1876 427 1977 apud
451 1876 688 1978 Euripidem
720 1876 899 1978 primum
932 1875 1069 1950 locum
1096 1876 1198 1951 obti-

190 2005 304 2079 nent,
345 1989 395 2065 de
432 1989 583 2065 inferiis
614 1991 744 2067 Oresti
783 1988 960 2087 agendis,
1000 2014 1043 2064 ea
1074 1994 1200 2065 Pacu·

189 2105 301 2180 vium
327 2128 412 2177 non
437 2105 631 2205 recepisse
660 2102 915 2190 crediderim,
950 2104 1099 2205 quippe
1132 2105 1197 2180 cui

190 2218 319 2293 multo
358 2216 524 2293 uberior
559 2219 723 2294 materia
759 2218 960 2294 tractanda
1000 2232 1113 2305 esset,
1142 2233 1198 2323 nt

189 2331 308 2420 infra,
335 2357 427 2406 cum
455 2330 506 2407 de
533 2333 638 2409 exitu
662 2331 818 2408 fabulae
854 2333 1048 2423 dicemus,
1080 2362 1197 2437 appa-

189 2446 307 2530 rebit;
332 2471 464 2546 neque
482 2446 676 2524 Romanis
701 2449 967 2547 spectantibus
992 2448 1057 2523 illa
1076 2450 1197 2524 nimis

190 2576 345 2663 accepta
372 2561 535 2647 suerint,
570 2585 672 2660 quae
705 2560 812 2660 apud
837 2561 1071 2662 Euripidem
1104 2577 1199 2639 sunt

95 2743 97 2750 s
188 2678 261 2751 3215
287 2679 392 2775 sqq.)
431 2674 526 2750 alter
558 2674 718 2751 Orestis.
777 2679 918 2777 Neque
951 2702 1106 2764 vereor,
1146 2704 1197 2755 ne

189 2789 279 2889 quis
311 2789 414 2865 banc
445 2789 642 2864 rationem
676 2789 890 2865 abhorrere
925 2791 1028 2868 dicat
1060 2797 1108 2870 ab
1136 2817 1196 2881 eo,

189 2901 302 3004 qnod
329 2902 554 3000 tragoediae
579 2903 684 3002 leges
709 2904 922 3005 postulant,
948 2930 999 2980 ne
1015 2931 1198 3008 progres-

188 3041 256 3103 sus
281 3015 438 3092 fabulae
464 3018 583 3092 nimis
610 3018 681 3094 diu
712 3019 1005 3124 narrationibus
1029 3021 1197 3096 retinea-

125 3193 127 3197 Α
187 3145 268 3217 tur;
307 3131 386 3206 hoc
425 3131 533 3206 enim
573 3132 660 3233 ipso
693 3134 859 3208 nomine
889 3134 1199 3235 reprehenditur
1264 3150 1265 3154 ’

187 3246 390 3333 Pacuvius,
418 3245 530 3347 quod
556 3246 597 3319 in
625 3246 796 3321 exordiis
821 3248 970 3324 nimius
996 3246 1080 3323 suit.
1119 3253 1198 3324 Lu·

188 3359 265 3434 cilii
291 3384 427 3435 versus
454 3376 511 3436 est
536 3385 581 3436 ex
607 3359 709 3436 libro
736 3365 795 3437 29.
822 3363 1056 3438 Satirarum:
1084 3401 1086 3407 ·

187 3531 370 3622 „Utrum
395 3540 507 3614 tristis
533 3545 703 3615 contorto
736 3541 870 3644 aliquo
896 3570 944 3616 ex
968 3541 1194 3618 Pdcrtrz'ano

789 3656 956 3730 exdrdr'o.
968 3665 990 3691 ‘⁴

184 3849 274 3919 Jam
301 3869 392 3919 cum
412 3846 666 3924 Dulorestem
693 3876 741 3928 ex
767 3849 957 3925 omnibus
978 3851 1111 3924 Nostri
1137 3849 1193 3924 fa-

184 3959 289 4035 bulis
321 3962 491 4039 maxime
524 3962 720 4041 celebrem
755 3964 875 4040 fuisse
913 3977 1056 4066 pateat,
1092 3963 1191 4064 quid
