2566 4432
608 229 660 303 58

133 398 359 479 movendos
395 397 556 488 faceret3
595 424 728 503 neque
766 401 846 478 iam
883 399 973 479 fore
1008 425 1137 504 spera-

132 541 243 605 mus,
286 515 355 618 qui
395 515 548 592 iustum
588 515 825 593 narrationis
868 515 1055 610 ordinem
1094 516 1138 591 in

17 620 20 625 ’
132 629 461 733 praecedentibus
488 628 693 707 desideret

230 749 316 821 Iam
350 745 477 846 pergit
507 747 666 823 Orestes
702 742 933 820 brevissime
969 767 1138 832 narrare,

133 884 219 937 non
235 859 411 935 inultum
429 884 512 935 esse
529 874 699 960 patrem;
724 884 812 936 eam
827 858 955 959 ipsam
977 857 1029 934 ob
1051 882 1138 934 rem

135 973 305 1051 eiectum
337 997 379 1048 se
404 974 596 1070 Mycenis,
629 973 858 1051 auctoribus
883 975 1014 1051 Oeace
1039 972 1139 1049 aliis-

134 1113 214 1189 que
230 1085 464 1163 hominibus
483 1089 828 1186 Agamemnonem
844 1087 1006 1187 perosis.
1036 1088 1138 1162 Hinc

131 1203 216 1279 illa:

578 1413 694 1471 XVIII.

319 1596 367 1611 -
390 1547 602 1658 ‘Extemplo
628 1555 803 1658 Aegisthi
812 1558 937 1659 fidem

153 1766 157 1773 Ι
230 1671 500 1773 Nuncupontes
524 1669 743 1789 concubant
761 1673 951 1773 populum
974 1712 1024 1727 ·-

134 1914 227 1965 cum
269 1890 417 1990 quibus
463 1889 635 1967 conferri
676 1904 882 1966 merentur
923 1890 1138 1992 Euripidea

134 2006 284 2103 (Orest.
310 2008 383 2080 425
409 2007 531 2106 sqq.):
587 2028 591 2053 ³

180 2233 255 2302 ME.
304 2215 390 2310 τίνες
412 2219 576 2298 πολιτῶν
601 2212 879 2320 ἐξαμιλλῶνταί
901 2248 941 2297 σε
964 2221 1050 2321 ’γῆςς

182 2345 252 2412 ΟΡ.
304 2327 418 2435 Οἴαξ,
442 2334 487 2411 no*
511 2327 637 2440 Τροίας
661 2334 767 2426 μῖσος
794 2325 973 2438 ἀναφέρων
997 2332 1126 2444 ampl.

181 2459 255 2525 ME.
307 2438 733 2560 {vvittmlluhuwilooc
758 2477 797 2526 σε
819 2448 972 2554 τιμωρεῖ
988 2441 1100 2548 φόνος.

135 2647 264 2725 Simul
295 2647 435 2722 Furias
467 2644 687 2743 fugientem
717 2645 896 2746 Delphos
934 2670 976 2720 se
1013 2672 1138 2724 acces-

133 2763 244 2850 sisse;
282 2760 443 2837 iussisse
471 2760 702 2862 Apollinem
739 2760 814 2835 iter
848 2759 891 2833 in
926 2762 1138 2837 Tauricam

132 2888 295 2964 terram,
329 2887 376 2950 ut
400 2873 659 2950 simulacrum
679 2875 834 2950 Dianae
865 2875 907 2948 in
934 2877 1138 2952 Graeciam

133 3003 360 3094 asportaret.

231 3384 384 3457 Verum
418 3377 527 3454 enim
558 3401 653 3454 vero
687 3374 898 3453 difficultas
926 3400 1035 3454 nunc
1061 3377 1139 3453 ori-

133 3510 214 3583 tur,
247 3520 327 3591 qua
358 3493 522 3571 tandem
553 3492 708 3573 ratione
737 3490 875 3590 fugam
902 3495 1060 3569 Orestes
1086 3505 1140 3566 at-

134 3633 216 3710 que
243 3608 449 3710 Iphigenia
480 3607 611 3683 moliti
642 3607 728 3682 sint.
777 3611 880 3682 Nam
910 3605 1140 3707 Iphigeniae

135 3723 326 3803 dolosum
368 3746 473 3797 cum,
505 3722 688 3798 Thoante
731 3719 1002 3822 colloquium
1028 3734 1141 3796 acute

134 3862 227 3917 sane
246 3835 458 3936 Euripides
484 3836 726 3935 excogitavit;
750 3835 969 3912 Pacuvium
996 3835 1139 3911 disces-

134 3953 228 4030 sisse
253 3952 301 4029 ab
326 3950 415 4041 illm
444 3948 570 4029 fidem
594 3948 744 4028 faciunt
768 3951 811 4027 hi
837 3975 988 4028 versus:
