2566 4432
611 274 659 348 10

139 447 186 521 In
210 445 305 546 ipsis
322 470 485 549 quoque
501 443 729 546 fragmentis
745 446 973 536 Pacuvium,
994 460 1137 552 q'uam-

139 559 261 662 quam
286 561 329 637 in
354 587 471 639 versu
496 589 518 639 a
544 562 672 640 Gellio
694 564 760 655 ²0)
786 574 954 637 servato:

138 704 261 798 „Udi
281 740 348 814 ego
373 713 543 790 homines
567 718 705 814 ignara
730 739 841 813 opera
857 726 891 788 et
902 711 1137 813 philosopha

682 827 898 902 sudentia“
999 877 1001 880 ⁴

139 973 242 1063 dicit,
259 974 291 1049 si
310 975 541 1076 respicimus
562 975 646 1050 eius
666 1000 801 1052 versus
822 976 870 1052 ah
897 988 1057 1051 auctore
1082 973 1137 1050 ad

135 1080 385 1165 Herennium
408 1088 474 1187 ²¹)
500 1089 690 1178 laudatos,
716 1114 801 1165 non
835 1089 1003 1166 omnino
1036 1087 1136 1165 Iibe-

136 1227 229 1278 rum
261 1229 283 1280 a
312 1202 636 1304 philosophando
670 1203 907 1279 invenimus.
941 1252 944 1259 ·

605 1391 655 1449 III.

233 1515 280 1587 In
326 1513 520 1612 tragoedia
561 1511 779 1587 Pacuvium
818 1512 1008 1587 maximas
1042 1532 1138 1587 me-

136 1625 262 1701 ruisse
293 1623 431 1700 laudes
463 1640 502 1701 et
531 1625 753 1726 plurimum
784 1625 967 1722 viguisse,
990 1636 1136 1700 testan-

135 1753 201 1814 tur
227 1752 265 1814 et
288 1753 465 1815 veterum
492 1738 543 1815 de
568 1764 616 1815 eo
644 1740 745 1815 dicta
763 1739 840 1837 ²²),
866 1752 904 1814 et
931 1738 1055 1840 ipsius
1071 1761 1137 1813 re·

214 2029 272 2109 20)
310 2031 411 2092 Noctt.
431 2029 494 2090 Att.
514 2030 600 2106 XIII,
619 2030 649 2090 8.
688 2029 775 2090 Hunc
794 2051 907 2092 versum
935 2028 1029 2101 Zetho
1051 2025 1137 2087 attri-

134 2124 280 2187 buendum
305 2146 364 2186 esse
389 2124 419 2184 in
442 2121 569 2205 Antiopa
594 2123 720 2184 ostendit
746 2123 807 2185 Cic.
830 2124 865 2185 dc
891 2124 975 2184 Orat.
999 2123 1041 2198 11,
1079 2122 1121 2182 37
1127 2143 1136 2181 t

137 2221 263 2299 „Miror,
284 2242 335 2282 cur
348 2217 557 2302 philosophiae,
570 2219 645 2280 sicut
656 2219 765 2280 Zethus
778 2217 826 2279 ille
839 2218 1026 2294 Pacuvianus,
1036 2235 1135 2297 prope

135 2315 243 2377 bellum
267 2314 425 2376 indixeris“
450 2325 504 2375 cet.
530 2313 566 2373 cf.
591 2310 653 2375 Cic.
678 2336 740 2396 rep.
766 2315 795 2391 I,
820 2313 871 2375 18:
906 2313 1029 2394 „Atque
1057 2310 1135 2372 idem

135 2411 254 2490 (Aelius
274 2408 411 2488 Sextus),
437 2408 559 2469 multum
584 2409 659 2471 enim
679 2409 759 2469 illum
780 2408 926 2470 audiebam
946 2419 977 2468 et
996 2406 1134 2484 libenter,

136 2505 259 2567 Zethum
285 2505 365 2566 illum
390 2503 505 2564 Pacuvii
529 2502 611 2565 nimis
636 2504 780 2564 inimicum
805 2503 953 2564 doctrinae
976 2523 1037 2563 esse
1056 2501 1137 2562 dice-

133 2597 197 2660 bat:
221 2599 309 2683 magis
333 2621 399 2660 eum
424 2597 582 2674 delectabat
605 2597 816 2679 Neoptolemus
840 2598 946 2675 Ennii,
975 2596 1025 2677 qui
1044 2617 1074 2658 se
1093 2594 1137 2658 ait

134 2692 331 2776 philosophari
358 2694 448 2771 velle,
475 2693 524 2755 sed
543 2693 653 2775 paucis,
673 2715 738 2754 nam
758 2694 875 2756 omnino
895 2693 971 2754 haud
990 2691 1136 2774 placere.“

135 2787 223 2872 Apud
241 2787 344 2849 Horat.
364 2810 409 2868 ep.
429 2791 457 2866 I,
477 2788 531 2865 18,
550 2790 598 2849 42.
619 2788 727 2850 Zethus
747 2789 851 2851 dicitur
870 2809 995 2853 severus.

214 2917 274 2997 21)
313 2918 400 2980 Auct.
430 2919 465 2980 ad
489 2922 617 2982 Herenn.
641 2922 685 2998 Il,
709 2922 757 2983 23.
807 2921 853 2982 De
878 2920 981 3002 quibus
1005 2919 1136 2985 versibus

135 3015 200 3079 vide
219 3035 291 3097 quae
311 3014 430 3076 diximus
449 3015 484 3076 ad
504 3015 604 3100 fragm.
624 3016 691 3076 XX.

214 3145 274 3223 22)
312 3147 365 3208 Uti
393 3145 548 3208 Caecilium
572 3148 750 3223 comoediae,
775 3147 815 3209 ita
838 3169 902 3208 curn
926 3147 1018 3209 Accio
1041 3147 1135 3208 Pacu-

134 3241 211 3305 vium
231 3242 393 3326 tragoediae
412 3242 555 3324 principes
575 3241 736 3302 habuerunt
749 3243 882 3302 Romani.
917 3242 978 3304 Cic.
993 3254 1053 3323 opt.
1066 3263 1135 3325 gen.

134 3350 221 3398 oratt.
241 3359 301 3418 cap.
322 3341 356 3397 l:
387 3341 511 3418 „Itaque
532 3337 599 3398 licet
619 3337 713 3399 dicere
733 3349 764 3399 et
779 3339 903 3399 Ennium
918 3360 1057 3399 summum
1071 3337 1136 3418 epi-

134 3455 198 3493 cum
224 3437 356 3513 po'c'tam,
382 3433 406 3493 si
431 3433 476 3493 cui
499 3433 539 3493 ita
565 3432 695 3509 videtur,
709 3445 752 3495 ·et
770 3433 923 3494 Pacuvium
943 3433 1083 3516 tragicum
1102 3445 1136 3494 et
1166 3504 1169 3511 ¹

134 3528 288 3590 Caecilium
313 3528 431 3588 fortasse
457 3528 627 3589 comicum.“
671 3529 717 3589 De
744 3527 868 3589 Caecilio
889 3528 925 3588 cl.
946 3529 1058 3590 Volcat.
1079 3529 1137 3590 Se-

133 3622 213 3707 digit.
238 3625 311 3707 apud
337 3622 415 3684 Gell.
439 3624 512 3703 XV,
537 3626 586 3684 24.
613 3636 642 3685 et
667 3627 828 3686 Varronem
853 3625 1032 3687 Parmenone
1058 3624 1135 3706 apud

131 3719 210 3779 Non.
237 3741 259 3780 s.
284 3742 313 3779 v.
338 3738 474 3799 poscere,
501 3740 624 3800 quorum
644 3721 706 3782 ille:
727 3718 874 3796 „Caecilio
895 3720 1015 3800 palmam
1036 3719 1133 3781 Statio

132 3815 170 3877 do
199 3815 375 3887 comicam,“
406 3813 465 3873 hic:
496 3817 556 3892 „In
582 3815 756 3899 argumentis
788 3813 927 3876 Caecilius
951 3816 1046 3898 poscit
1070 3815 1133 3897 pal-

132 3913 234 3974 mam.“
280 3911 326 3971 De
350 3910 476 3970 Pacuvio
491 3923 531 3984 ¹et
550 3909 640 3972 Accio
661 3911 697 3971 cf.
718 3911 781 3972 loca
800 3933 885 3992 supra
905 3911 1029 3990 laudata,
1049 3934 1134 3993 prae-

131 4009 214 4092 cipue
242 4007 344 4069 Horat.
370 4027 414 4087 ep.
436 4007 479 4084 II,
504 4008 606 4084 1‚55.
627 4006 715 4086 (ibid.
737 4031 764 4070 v.
786 4008 838 4071 59:
859 4006 1013 4070 Caecilium
1036 4005 1134 4092 gravi-
