2566 4432
585 234 633 310 27

111 407 268 517 deaturp
284 404 387 480 hane
413 403 644 507 adposuerit
666 405 956 494 coniecturam
982 429 1114 509 neque

110 545 186 597 nos
213 518 364 596 diutius
389 519 713 633 illamorabitur.

595 720 633 780 11.

180 871 294 942 ¹tam
326 864 378 943 ad
409 867 589 959 alteram,
620 894 743 972 quam
775 892 895 970 supra
927 863 1148 971 indicavi-¹

108 1005 219 1069 mus,
249 1004 326 1055 nos
358 996 636 1060 convertamus
666 982 961 1086 quaestionem,
988 997 1116 1060 utrum

108 1098 229 1173 solius
254 1096 420 1172 Panion·
440 1099 598 1175 extiterit
612 1099 844 1183 Dulorestes,
864 1126 919 1174 an
934 1098 1006 1173 olii
1020 1124 1116 1202 quo·

111 1236 183 1314 que
194 1220 331 1311 poeitae
342 1209 511 1312 fabulas
526 1215 802 1313 composuerint
818 1214 874 1288 ita
889 1212 1095 1313 inscriptos.

208 1326 379 1412 Omnes,
413 1327 483 1427 qui
512 1324 731 1425 fragmenta
770 1325 1013 1423 tragicorum
1045 1329 1117 1402 La-

109 1439 290 1516 tinorum
315 1439 570 1539 collegerunt,
595 1465 617 1517 a
644 1439 847 1543 Stephano
871 1439 969 1517 inde
986 1463 1116 1542 usque

110 1552 160 1630 ad
199 1553 395 1630 Bothium
432 1555 477 1630 in
508 1553 628 1631 Ennii
661 1552 888 1631 fabularum
923 1555 1023 1632 serie
1061 1551 1117 1630 af-

108 1667 247 1744 ferunt
282 1690 442 1743 versum
476 1680 674 1743 servatum
715 1692 736 1742 a
776 1668 913 1744 Nonio
946 1669 1014 1767 ⁵⁹)
1053 1668 1117 1743 his

111 1784 312 1880 signatum
350 1778 495 1855 verbis:
544 1780 723 1866 „Ennius
764 1782 1004 1859 Duloreste.“
1068 1785 1119 1858 At

110 1897 193 1971 iam
224 1893 397 1990 Scaliger
417 1893 484 1991 ⁶0)
515 1892 624 1969 hunc
649 1918 809 1971 versum
833 1895 1007 1973 Pacuvio
1032 1894 1117 1970 vin-

114 2009 273 2095 dicavit3
299 1997 412 2083 euius
438 2008 661 2097 sententiae,
687 2008 779 2087 licet
803 2012 858 2088 ob
884 2036 974 2087 eam
999 2011 1118 2088 aCo·

112 2123 251 2199 lumna
272 2119 340 2220 ⁶¹)
367 2135 406 2198 et
431 2148 451 2198 a
475 2122 623 2200 Bothio
645 2120 713 2221 62)
739 2138 917 2212 notetur,
943 2126 1116 2228 ornnino

111 2235 435 2340 adstipulandum
471 2261 625 2314 censeo.
681 2227 863 2315 Primum
888 2239 1005 2315 enim
1031 2237 1117 2315 aliis

109 2351 209 2428 locis
239 2353 359 2428 Ennii
391 2350 595 2450 tragoedia
629 2352 861 2431 Dulorestes
893 2377 980 2428 non
1005 2376 1118 2432 corn·

190 2655 251 2734 to)
290 2655 368 2715 Non.
388 2674 417 2733 p.
437 2654 485 2714 90,
508 2653 552 2715 ed.
573 2654 663 2716 Mero.
683 2678 705 2718 s.
726 2677 754 2717 v.
773 2653 945 2732 „coactae
965 2675 1030 2716 eum
1048 2675 1117 2738 per·

112 2748 278 2811 turbatione
303 2768 494 2811 commovere.
538 2747 644 2812 Accius
664 2751 779 2813 Medea:
799 2751 862 2812 Nisi
882 2772 951 2834 quas
970 2750 1117 2814 terrestris

112 2856 222 2927 pontus
249 2857 358 2930 strages
389 2845 510 2907 conciet.
553 2845 689 2907 Afranius
716 2847 873 2929 Deposito:
901 2879 943 2893 -
971 2845 1022 2905 Dii
1048 2856 1117 2907 sunt

112 2941 178 3002 irati
203 2940 272 3019 tibi,
299 2940 359 3015 Qui
384 2941 518 3003 conciere
544 2941 654 3025 cogites
673 2953 785 3004 tantum
804 2942 880 3004 mali.
920 2941 1032 3002 Ennim
1051 2942 1116 3002 Du·

112 3028 234 3099 loreste:
267 3036 422 3119 Extemplo
455 3035 588 3120 Aegisthi
617 3037 702 3100 fidem
725 3050 921 3121 nuncupantes
945 3036 1117 3098 eonciebant

110 3131 283 3214 populum.“

190 3283 250 3361 oo)
289 3284 322 3342 n
343 3282 426 3344 vm.
448 3283 482 3343 ae
500 3283 536 3344 t.
557 3283 590 3343 e.
611 3264 651 3343 u
668 3307 697 3366 p.
718 3275 767 3348 eo.
787 3284 832 3347 et.
852 3281 962 3344 ouras.
984 3283 1072 3346 tuo

188 3430 248 3508 61)
289 3432 322 3491 ln
351 3432 395 3492 ed.
421 3430 511 3491 Ennii
534 3454 562 3513 p.
586 3433 648 3495 39⁰
672 3446 703 3495 et
727 3436 766 3496 91
791 3432 834 3496 his
861 3431 968 3495 verbis:
995 3432 1117 3510 „Miror

110 3523 288 3609 Scaligerum
313 3526 389 3588 himo
413 3547 527 3588 versum
552 3528 700 3591 allerree
724 3529 841 3590 Pacuvii
865 3529 1037 3591 Duloreste:
1065 3529 1116 3610 qui

109 3621 222 3683 tametsi
246 3621 331 3684 huius
355 3622 478 3684 nominis
504 3621 626 3685 fabulam
647 3624 814 3706 scripserit,
847 3625 923 3688 clare
952 3636 1049 3687 tamen
1079 3646 1115 3688 ex

108 3715 208 3778 Nonio
229 3715 334 3798 liquet,
353 3717 431 3780 hunc
450 3722 563 3780 v'ersum
583 3717 671 3798 Ennii
691 3722 781 3781 esse.“

188 3865 247 3944 62)
287 3869 320 3928 ln
352 3867 397 3930 ed.
422 3868 553 3952 fragmm.
579 3883 673 3954 tragg.
699 3870 775 3932 tate
800 3893 829 3952 p
855 3869 902 3935 40.
934 3872 985 3934 ins.
1019 3873 1116 3950 „Sine

108 3982 192 4025 eausa
210 3962 312 4026 idonea
332 3961 402 4027 haec
422 3964 458 4027 ad
476 3965 593 4030 Pacuvii
612 3966 790 4032 Duloresten
811 3967 901 4032 refert
920 3969 1015 4032 Seel.“
1035 3982 1103 4043 cet„
