2566 4432
614 229 666 303 66

46 420 48 425 ’
145 422 219 497 tur,
245 405 314 508 qui
340 429 362 482 e
387 404 535 489 nuncio
562 403 793 478 summatim
817 405 968 480 Orestis
992 400 1150 496 facinus

146 533 358 621 acceperat,
385 522 576 604 Orestem,
603 531 806 594 auctorem
831 517 954 595 totius
980 519 1149 609 consilii,

144 637 331 736 punitum
356 633 403 708 iri
430 632 558 709 statim
592 631 777 718 declarat;
807 646 898 708 uter
928 632 992 722 sit,
1025 658 1149 735 quae·

144 750 203 825 rit
254 754 360 824 Tum
386 747 565 844 Pylades:
789 740 794 753 ’

593 935 693 991 XXX.

142 1045 238 1156 ‘Ego
261 1082 350 1131 sum
378 1056 530 1132 Orestes.
864 1147 869 1163 ι
1038 1120 1041 1131 .

481 1169 550 1245 Or.
597 1160 731 1245 'Immo
757 1168 937 1243 eminrero
964 1196 1039 1266 ego·
1056 1195 1146 1246 sum

737 1285 900 1385 inquom
929 1282 1083 1358 Orestes.

141 1466 241 1543 Inde
271 1465 352 1540 iam
390 1465 585 1542 altercatio
626 1465 863 1554 amicorum,
901 1492 973 1568 per
1008 1468 1143 1568 plures

142 1578 307 1656 fortasse
332 1603 466 1655 versus
490 1578 695 1680 producta.
746 1581 894 1667 Thoas,
927 1582 974 1654 ab
1002 1583 1142 1657 Oreste

141 1720 226 1770 non
256 1694 486 1797 persuaderi
520 1694 593 1769 sibi
631 1719 768 1794 passus
804 1697 920 1792 (nam
952 1694 1142 1791 Pyladem

140 1810 251 1911 prius
282 1822 476 1884 armatum
510 1807 725 1906 conspexit,
759 1821 796 1882 et
828 1823 1140 1885 consentaneum

141 1937 223 2000 erat
240 1918 419 2017 Orestem
448 1935 597 1998 ceteros
616 1920 879 2020 antecedere),
904 1921 1039 2020 Pyladi
1058 1938 1142 2000 tan·

145 2063 267 2139 quam
293 2037 423 2114 Oresti
448 2035 638 2111 minatur:

581 2224 696 2279 XXXI.

138 2343 242 2418 Nom
268 2357 302 2417 te
326 2345 367 2416 r'n
391 2337 574 2417 tenebrico
595 2350 679 2443 sepe
703 2339 874 2420 lacerato
886 2344 1003 2444 some

143 2456 339 2542 Clausum,
365 2462 401 2530 et
412 2456 592 2557 fatigans
617 2459 722 2531 drtus
747 2472 844 2532 torto
863 2457 1076 2534 distraham
1090 2495 1139 2514 -·
1166 2495 1168 2499 ¹

140 2650 270 2728 Oresti
296 2648 391 2749 (qui
409 2647 574 2745 Pylades
597 2649 671 2748 ipsi
699 2674 791 2739 esse,
818 2664 856 2725 et
876 2664 1040 2752 propter
1057 2651 1138 2726 sin-

139 2763 316 2862 gularem
352 2761 563 2847 amicitiam
592 2760 737 2860 dignus
763 2763 919 2839 videtur
952 2765 1015 2840 cui
1048 2790 1137 2866 par-

138 2876 220 2974 cat)
251 2875 457 2976 proponit,
494 2890 540 2952 ut
571 2875 690 2949 vitam
726 2877 800 2952 sibi
830 2892 1021 2977 precetur.
1087 2880 1139 2955 At

136 2989 218 3079 ille,
249 2989 403 3064 veniam
430 3013 564 3065 errore
590 2989 782 3066 Thoantis
807 2990 881 3066 sibi
908 3015 1137 3068 concessam

137 3128 222 3182 non
247 3100 439 3205 accipiens
464 3104 520 3202 *),
543 3104 801 3206 proloquitur
822 3103 905 3183 illa:

570 3295 701 3350 XXXII.

254 3403 393 3486 ‘Ambo
417 3412 472 3486 sic
497 3439 576 3487 uno
602 3413 780 3490 dnr'corz‘dr
797 3440 1005 3516 precamur.

135 3577 275 3675 Neque
298 3577 462 3674 Pylades
485 3579 592 3656 mori
619 3595 787 3667 recusat;
821 3583 853 3656 is
880 3580 989 3656 enirn
1013 3579 1134 3670 idern,

136 3708 336 3725 -ιι-

210 3757 250 3837 *)
290 3760 369 3823 Haec
394 3784 411 3824 e
439 3761 587 3827 Ciceronis
616 3767 711 3829 verbis
741 3767 806 3828 elici
835 3788 934 3849 posse,
964 3767 1073 3830 videbis
1103 3768 1133 3829 in

132 3854 435 3935 animadversionibus,
460 3857 524 3936 ubi,
550 3881 622 3942 quae
650 3861 697 3922 hic
722 3862 798 3923 nude
822 3860 989 3944 posuimus,
1014 3864 1133 3926 demon·

132 3962 221 4014 strata
243 3962 319 4015 sunt.
