2566 4432
651 236 701 310 56

280 411 416 489 Sorori
442 409 714 508 interroganti:
739 420 807 496 „at
817 411 982 487 Orestes
1000 405 1073 483 ubi
1090 420 1184 483 tum

37 603 45 614 ,
140 621 144 629 ¹
181 527 307 602 erat?“
338 526 381 599 in
405 523 583 600 Phocide
608 547 703 620 eum
726 520 849 597 fuisse
873 510 1005 598 narrat
1028 545 1184 607 servum

178 639 416 730 ‚‚eundem“‚
439 639 580 741 inquit,
603 649 765 739 „postea
786 632 878 722 vidi,
902 660 997 711 cum
1015 634 1186 736 Delphis

181 752 352 829 domum
377 751 571 838 redirem,·
598 750 727 826 Furiis
758 749 946 847 agitatum
971 749 1188 850 Apollinis-

180 892 260 969 que
297 867 487 943 auxilium
524 865 817 966 implorantem.
875 863 1015 939 Talem
1044 862 1188 940 locum

179 981 416 1058 hariolando
443 979 686 1078 assignamus
710 979 803 1053 illis:

638 1186 725 1241 XIII.

179 1272 351 1405 Delphos
386 1332 519 1380 oenum
545 1311 660 1405 pecus
690 1304 766 1402 egi:
800 1272 894 1376 inde
919 1302 975 1377 ud
1002 1299 1193 1378 stdbulad

747 1416 856 1492 itiner
879 1416 1032 1491 cdntuli.

181 1607 284 1687 Hinc
301 1607 351 1684 ad
369 1609 511 1685 seriem
528 1633 665 1686 rerum
683 1624 882 1709 gestarum
898 1608 1002 1685 redit
1015 1611 1191 1699 Orestes,
1231 1645 1236 1653 ’

181 1723 364 1799 monitus
387 1724 435 1798 ab
460 1725 681 1826 Iphigenia,
711 1739 771 1815 ut,
802 1750 880 1826 qua
905 1749 948 1800 re
972 1722 1192 1798 Furiarum
1245 1740 1248 1745 ·

181 1861 331 1939 poenas
357 1826 516 1915 Orestes
541 1839 748 1926 meruerit,
774 1839 929 1940 aperiat.
968 1842 1076 1914 Tum
1100 1837 1190 1914 ille:

180 1952 459 2040 „revertitur“,
489 1952 636 2055 inquit,
667 1956 989 2049 „Agamemnon,
1023 1954 1192 2030 Cassan-

152 2112 155 2121 ·
183 2063 298 2140 dram
318 2088 453 2139 secum
473 2067 641 2154 ducens;
667 2091 711 2142 ea
732 2067 1062 2162 Clytaemnestrae
1078 2066 1190 2144 illico

182 2178 451 2279 suspicionem
482 2195 634 2269 movet,
672 2179 817 2256 adduci
853 2180 1074 2282 pellicem.“
1129 2183 1192 2257 Ita

181 2291 397 2391 Aeschylus
423 2295 578 2394 (Agam.
605 2297 702 2371 1413
727 2296 850 2397 sqq.):

278 2486 391 2563 κεῖται
415 2483 583 2586 γυναικδς
606 2478 709 2575 ‘riade
734 2484 986 2592 λυμαντήριος,

281 2590 480 2706 Xpoonldor
503 2595 687 2701 μείλιγμα
710 2601 780 2678 τῶν
807 2599 872 2676 v‘at'
894 2596 998 2699 Ἰλίῳ·

282 2702 304 2790 d
325 2713 358 2788 τ’
381 2707 630 2810 αἰχμάλωτος
656 2703 714 2794 ile
737 2709 801 2790 καὶ
823 2709 1059 2819 reprendatur,

281 2821 344 2901 nui
366 2823 602 2935 κοινόλεκτρος
629 2819 752 2913 roth,
782 2818 1065 2926 θεσφατηλόγος

280 2936 398 3022 urard
421 2934 593 3039 ξύνευνος,
619 2936 793 3020 ναυτίλων
818 2931 858 3020 di
882 2935 1078 3037 σελμάτων

283 3053 471 3164 ἰσοτριβής.

188 3267 296 3343 Talia
323 3282 456 3345 autem
474 3281 662 3345 eventura
679 3268 923 3369 praedixerat
939 3271 1057 3355 Oeax‚
1081 3290 1194 3341 mor-

173 3396 267 3457 ·tem
303 3382 525 3458 Palamedis
561 3382 777 3458 ulciscendi
818 3383 997 3485 cupidus.
1057 3381 1194 3479 Dictys

187 3495 384 3572 Cretensis
418 3500 484 3584 VI,
516 3499 557 3572 2:
614 3501 716 3585 „Per
747 3495 855 3572 idem
888 3511 1047 3598 tempus
1083 3497 1195 3571 Oeax

187 3607 347 3709 Nauplii
366 3606 484 3699 filius,
507 3609 729 3687 Palamedis
746 3609 874 3699 frater,
892 3613 1054 3710 cognito
1073 3614 1195 3686 Grae-

188 3746 258 3799 cos
283 3721 332 3797 ad
359 3724 454 3798 suos
479 3748 666 3811 remeare,
691 3726 816 3822 Argos
836 3725 957 3800 venit:
981 3724 1038 3800 ibi
1056 3723 1196 3821 Aegia-
1232 3746 1235 3751 ·

186 3836 269 3913 lam
295 3850 412 3937 atque
438 3838 788 3936 Clytaemnestram
812 3836 919 3914 falsis
944 3836 1100 3913 nunciis
1126 3835 1195 3912 ad-

188 3975 347 4029 versum
373 3951 536 4029 maritos
554 3967 695 4042 ,armat
719 3953 922 4055 praedicto
948 3951 1096 4031 ducere
1121 3973 1192 4026 eos
1261 4018 1266 4025 ,
