2566 4432
675 249 725 324 80

203 417 317 488 Funus
338 442 400 512 pro
415 417 524 513 sunus
547 444 565 490 e
587 416 673 488 Mar.
696 416 855 490 Victorin.
883 445 916 514 p.
938 419 1037 496 2459.
1060 417 1205 489 enotavit

205 521 306 594 Conr.
330 520 520 592 Schneider.
541 521 616 592 Lat.
638 521 846 593 Elementarl.
868 525 893 594 Ι.
915 550 947 618 p.
970 531 1024 600 30.

291 628 407 710 diceb]
438 626 539 697 dictio
560 629 647 698 lens.
668 626 745 698 Par.
766 630 839 698 Iun.
867 626 981 724 Steph.
1002 627 1095 697 Delr.
1125 627 1204 710 (nisi

130 734 131 738 ’
204 734 294 832 quod
315 733 367 803 bie
394 735 558 802 senarium
586 731 759 803 effecturus
789 733 987 828 transponit:
1032 734 1132 819 „Sed
1155 731 1203 799 in·

203 851 308 910 certat
328 849 424 923 me‚“
454 837 621 932 quomodo
649 837 744 907 tacite
768 837 857 907 dedit
879 835 966 905 Scal.
996 837 1039 905 ad
1060 835 1204 905 Varron.

201 972 235 1040 p.
260 950 353 1039 181.)
380 942 479 1039 idque
508 968 620 1011 verum
646 942 767 1011 iudicat
790 941 894 1012 Voss.
921 941 956 1010 in
986 939 1133 1036 Castigg.
1161 939 1204 1010 ad

106 1118 108 1123 ,
203 1047 343 1119 Scriver.
363 1075 396 1143 p.
419 1057 472 1123 91.
516 1047 609 1116 Idem
630 1073 661 1142 p.
686 1057 760 1121 112.
782 1072 911 1116 versum
936 1045 1080 1115 exbibet:
1108 1046 1208 1131 „Sed

201 1179 243 1224 ne
263 1153 326 1223 inc.
348 1152 466 1231 dictio,
495 1178 594 1248 quam
614 1177 684 1221 rem
706 1175 783 1243 exp.
806 1150 949 1220 addens:
994 1151 1070 1235 „Ita
1097 1149 1204 1219 estin

202 1257 343 1353 Mssptis
374 1274 406 1327 et
436 1256 631 1328 editionibus
660 1257 810 1352 antiquis.
854 1254 1022 1325 Emendo:
1055 1257 1128 1326 Sed
1151 1279 1205 1324 me

201 1362 280 1432 td.
308 1387 373 1456 qua
399 1385 438 1429 re
465 1373 569 1452 πρέ(
613 1359 737 1430 Botbio
767 1361 863 1431 edere
885 1361 1008 1456 placuit
1028 1359 1104 1454 quin
1124 1383 1204 1442 rem,

201 1465 279 1533 ideo
294 1465 447 1549 forsitan,
474 1491 517 1534 ne
540 1463 666 1555 expedi
690 1465 875 1534 accusativo
904 1481 1043 1555 careret;
1070 1464 1130 1536 sed
1158 1463 1205 1532 ita

203 1568 339 1638 Terent.
362 1568 498 1641 Pborm.
519 1570 560 1654 Π,
581 1578 613 1653 3,
636 1576 714 1643 5ἳει
740 1568 927 1652 „Diln'eide
947 1569 1120 1665 expedleig·
1134 1570 1204 1664 qui·

201 1675 261 1742 bus
283 1698 336 1742 me
356 1673 500 1766 oportuit
520 1674 723 1744 Ιιιάίοίόιιεέι
764 1673 917 1770 Denique
946 1678 1026 1744 med
1044 1675 1139 1744 scribi
1161 1675 1205 1745 ad

202 1776 367 1848 senarium
391 1777 585 1875 expleudum
606 1805 675 1848 non
698 1804 782 1874 opus
812 1794 876 1870 est;
907 1777 1019 1874 quidni
1042 1807 1080 1851 ex
1101 1781 1202 1857 trocb.

203 1899 273 1953 retr.
297 1882 360 1952 sit?

290 1986 404 2057 Verba
418 1986 548 2058 Orestis
568 2011 641 2056 esse
659 1984 760 2054 videri
779 2012 854 2055 cum
868 1986 1020 2082 Apolline
1038 1988 1202 2086 loquentis

202 2093 401 2163 monuimus.
439 2090 494 2162 De
516 2117 598 2161 voce
621 2089 722 2159 dictio
744 2090 784 2159 de
809 2091 940 2161 oraculo
964 2093 1107 2162 adbibita
1128 2094 1202 2164 vide

202 2199 299 2272 Auct.
328 2197 371 2265 ad
399 2197 544 2269 Herenn.
566 2195 607 2279 ll,
630 2204 689 2272 26:
732 2197 883 2288 „Ape'rte
895 2199 1000 2290 satur
1029 2198 1142 2276 dictio,
1172 2199 1208 2267 si

202 2303 404 2398 inte'llr'gas.“
441 2301 513 2372 Liv.
542 2301 637 2385 VIII,
652 2305 725 2376 el:
777 2301 924 2386 „Adcito
958 2300 1127 2398 (Pyrrho)
1161 2304 1203 2374 ab

204 2407 395 2477 Tarentinis
418 2408 454 2477 in
470 2407 596 2477 ltaliam
619 2407 695 2475 data
717 2406 816 2476 dictio
840 2423 923 2491 erat,
946 2413 1074 2477 caveret
1095 2407 1203 2478 Ache·

202 2513 326 2582 rusiam
347 2537 467 2608 aquam
490 2524 578 2580 cet.“
599 2511 721 2587 Pacuv.
737 2511 901 2582 Periboea
923 2510 1044 2604 (Both.
1058 2509 1097 2580 fr.
1115 2516 1203 2605 16.):

203 2619 356 2703 ‚,Fle'xa‚
379 2642 444 2687 non
451 2617 557 2711 salsa
577 2622 747 2684 autumare
767 2617 866 2687 dictio
890 2616 1031 2710 Delpto
1052 2616 1148 2687 solet.
1155 2630 1177 2664 “
1239 2669 1241 2673 -

432 2960 514 3036 VII.
565 2957 699 3054 (Both.
724 2958 863 3034 Dulor.
887 2956 970 3053 23)

292 3191 421 3264 Nom'us
448 3189 703 3284 p.115.Mere
747 3188 947 3274 „Grandire
974 3204 1024 3259 est
1045 3189 1204 3282 grandem

203 3295 321 3367 facere.
342 3339 388 3350 -
408 3334 454 3351 -
476 3292 638 3364 Pacuvius
654 3294 845 3365 Duloreste.
869 3296 943 3370 Nec
960 3294 1202 3390 groerdin'sru·

200 3427 279 3496 gum
286 3402 402 3496 fetum
418 3425 532 3494 posse,
557 3425 617 3470 uec
639 3401 817 3471 mitescere.

292 3539 441 3633 Menap-
463 3543 539 3614 343.
561 3539 682 3610 Merc-
725 3537 852 3624 „Mitr's
885 3554 935 3608 est
956 3536 1147 3635 tranquillus
1171 3555 1204 3609 et

203 3643 302 3714 lenis:
329 3683 374 3698 —-
395 3685 436 3696 -
461 3686 504 3698 -
526 3644 618 3713 Mitis
642 3660 692 3715 est
712 3659 875 3713 maturus:
896 3685 941 3696 -
962 3684 1007 3697 -
1026 3684 1072 3700 ·-
1095 3640 1204 3713 Pacu-

202 3749 272 3819 vius
294 3746 489 3818 Duloreste:
534 3752 608 3826 Nec
629 3747 786 3844 praediri
795 3750 937 3843 frugum
951 3748 1067 3844 fitam
1087 3772 1203 3842 posse,

201 3879 263 3924 nec
286 3853 457 3929 mitiscere.

1122 3959 1204 4052 sru-
