2566 4432
591 242 711 333 st,

208 432 379 505 Scenam
403 428 625 505 Dulorestis
652 425 761 530 apud
784 432 939 504 Tauros
966 451 1050 505 esse
1074 427 1119 501 li·

110 555 207 643 quet
244 568 264 618 e
304 543 498 620 Cicerone
537 541 591 619 de
620 541 787 618 Finibus
813 532 878 627 'v‚·
896 546 961 618 22:
1010 542 1119 638 „Qui

111 656 303 733 clamores
328 657 455 757 vulgi,
489 673 608 760 atque
638 658 922 758 imperitorum
953 659 1120 734 excitanss

108 771 241 846 turin
266 772 436 860 theatris,
464 798 557 850 cum
582 772 649 848 illa
675 771 889 847 dicuntur?
927 774 1015 871 Ego
1032 800 1122 848 sum

113 885 274 972 Orestes,
304 901 522 988 contraque
549 888 598 962 ab
626 887 760 973 altem,
784 887 912 963 Immo
938 882 1120 963 ertz'rrwero

109 1025 176 1098 ego
200 1027 298 1087 sum,
325 1003 499 1106 inquom,
531 1003 685 1079 Orestes,
724 1002 829 1077 Cum
847 1013 982 1075 autem
1001 1001 1121 1077 etiam

110 1113 233 1188 exitus
263 1115 312 1189 ab
345 1130 520 1216 utroque
548 1115 666 1191 datur
691 1115 930 1191 conturbato
958 1114 1120 1190 erranti-

109 1251 187 1328 que
213 1229 312 1326 regi:
346 1231 462 1307 umbo
488 1234 543 1306 sic
568 1259 648 1306 uno
673 1231 856 1306 mirarier·
867 1237 1119 1330 precamur,·“

109 1342 140 1414 si
167 1340 348 1443 conferas
374 1369 466 1420 cum
492 1345 626 1421 Laelio
655 1370 736 1446 cap.
755 1354 795 1424 7:
836 1344 943 1440 „Qui
971 1341 1119 1417 clamo-

107 1479 170 1529 res
194 1469 275 1532 tota
302 1483 416 1534 cavea
443 1484 572 1560 nuper
593 1460 636 1534 in
660 1458 829 1559 hospitis
848 1472 886 1534 et
902 1457 1024 1553 amici
1038 1457 1118 1533 mei

107 1573 159 1645 Μ.
176 1572 336 1646 Pacuvii
361 1597 465 1648 nova
490 1572 633 1660 sabula,
660 1599 764 1660 cum,
789 1574 999 1670 ignorante
1015 1595 1118 1669 rege,

107 1699 198 1759 uter
229 1710 373 1760 eorum
401 1701 502 1760 esset
531 1690 710 1773 OresteS,
741 1686 907 1783 Pylades
934 1688 1119 1761 Orestem

109 1822 152 1872 se
177 1823 260 1872 esse
278 1798 436 1884 diceret,
461 1814 507 1873 ut
527 1826 600 1899 pro
621 1799 691 1874 illo
710 1813 932 1874 necaretur:
958 1801 1124 1878 Orestes¹

110 1924 261 1998 autem,
286 1911 338 1986 ita
364 1925 410 1986 ut
436 1929 524 2000 erat,
553 1916 804 2006 Orestemse
831 1938 914 1989 esse
938 1935 1118 2013 perseve-

110 2026 261 2099 raret?“
319 2030 423 2101 Nam
453 2052 588 2127 regem
622 2022 739 2104 illum
772 2028 1000 2104 Thoantem
1033 2032 1116 2102 esse

109 2154 214 2214 recte
240 2138 467 2219 divinarunt
494 2143 730 2245 complures.
783 2140 861 2216 Sed
897 2166 980 2242 quo
1013 2153 1117 2216 statu

111 2255 269 2330 Orestes
301 2254 344 2328 iu
376 2259 518 2333 Tauris
549 2271 740 2343 versetur,
780 2252 1016 2351 ambiguum
1050 2267 1115 2329 est

108 2370 163 2444 Ac
196 2360 419 2471 principem
452 2370 618 2473 quidem
650 2372 788 2447 locum
814 2369 857 2442 in
883 2368 1116 2469 quaestione

110 2481 160 2556 de
179 2483 318 2558 Oreste
345 2511 457 2561 servo
486 2486 590 2584 (huc
615 2487 723 2561 enim
748 2483 946 2585 pertinere
964 2505 1115 2556 nomen
1229 2540 1231 2544 .

108 2593 266 2671 fabulae
278 2599 532 2675 Dulorestem
550 2600 817 2676 iudicavimus
833 2621 928 2672 cum
943 2594 1113 2690 Naekio)

111 2726 278 2811 occupat
313 2709 582 2809 fragmentum
611 2742 641 2813 a
672 2713 807 2790 Nonio
847 2725 1044 2786 servatum
1080 2734 1114 2782 v.

109 2824 218 2900 inim
246 2824 323 2923 82),
350 2825 464 2927 quod
490 2827 598 2929 apud
622 2834 846 2904 Mercerum
873 2826 928 2901 sic
952 2824 1089 2900 habet:
1136 2850 1138 2855 ·

109 3020 280 3120 Delphos
307 3050 440 3098 aenum
459 3052 573 3124 pectas
599 3027 739 3101 ecunde
763 3019 967 3100 atstatula
983 3049 1031 3097 ac
1054 3020 1111 3095 iti-

776 3167 841 3213 ner
864 3136 1017 3211 contuli.

112 3335 222 3424 Quae
249 3330 319 3405 etsi
345 3329 503 3407 mendis
527 3331 733 3433 inquinata
766 3344 860 3406 sunt
890 3353 974 3404 non
998 3327 1113 3404 facile

110 3443 396 3542 abstergendis,
431 3447 493 3520 vix
527 3461 661 3523 tamen
698 3458 918 3546 potuerunt
951 3444 1000 3519 ab
1034 3442 1112 3519 alio

110 3584 318 3660 quoquam
355 3559 542 3662 proferri,
581 3585 703 3662 quam
741 3560 789 3636 ab
827 3560 915 3662 ipso
955 3562 1113 3640 Orestet

110 3687 148 3748 et
171 3672 250 3749 hoc
280 3688 384 3750 certe
416 3699 460 3750 ex
491 3674 569 3750 illis
601 3699 760 3752 sumere
790 3673 897 3763 licet,
929 3676 1112 3751 Orestem

106 3877 308 3892 mn·-

185 3990 243 4069 82)
285 3991 335 4049 Fr.
356 3989 443 4050 Both.
464 3991 512 4050 21.
532 3989 615 4050 nobis
636 3991 713 4050 xut
