2566 4432
613 272 664 349 30

127 446 315 553 subulam
340 447 539 523 nominare
556 445 674 522 Varro
699 457 894 520 contentus
906 443 1010 546 sur't:
1036 444 1145 548 quia,

133 579 279 666 praeter
307 563 542 648 Pacarium,
576 561 805 637 Duloresten
837 581 947 634 nemo
975 558 1145 658 scripsis-

136 692 201 754 set.
271 681 375 754 Sane
405 688 555 777 quanto
588 675 667 750 hoc
699 672 970 759 ve1isimilius,
1007 694 1145 770 quam,

137 794 362 868 Varronem
408 788 627 865 memoriae
676 811 811 863 errore
850 811 927 889 pro
968 783 1143 861 Pacuvio

137 906 334 982 Naevium
371 903 531 990 dixisse;
566 915 634 979 aut
665 902 714 978 ab
746 914 922 1002 utroque
954 898 1142 1000 scriptam

136 1018 403 1106 Dulorestem‚
429 1018 478 1096 ab
503 1033 679 1121 utroque
702 1018 799 1093 item
823 1016 923 1092 haec
946 1013 1066 1091 verba
1084 1011 1143 1088 ibi

138 1131 242 1208 dicta
268 1143 384 1209 esse.“
1091 1136 1094 1147 ’

234 1251 445 1325 Postremo
487 1247 646 1326 Nonius
669 1244 737 1346 68)
778 1245 941 1323 Accium
976 1263 1143 1345 quoque

137 1359 360 1436 Dulorestis
395 1375 601 1435 auctorem
633 1361 825 1434 nominat.
886 1364 975 1435 Hoc
1006 1372 1143 1433 tamen

136 1472 279 1547 vitium
316 1467 400 1548 esse
432 1471 632 1548 librorum
662 1469 724 1545 vel
754 1469 850 1547 inde
874 1485 997 1570 patet,
1027 1468 1143 1571 quod
1176 1473 1177 1477 ’

139 1584 279 1661 eadem
295 1585 424 1672 verba,
443 1609 545 1687 quae
564 1584 630 1660 hic
643 1583 762 1661 Accio
781 1584 1024 1671 tribuuntur,
1045 1584 1142 1658 alibi

138 1698 246 1800 apud
273 1698 449 1776 eundem
466 1697 527 1798 69)
554 1724 648 1775 cum
673 1699 756 1775 aliis
783 1699 993 1774 coniuncta
1019 1702 1145 1775 Pacu-

137 1815 204 1890 vio
231 1814 487 1912 assignentur.
538 1816 671 1910 Quare
691 1813 844 1892 etiamsi
863 1838 883 1888 a
901 1812 1142 1889 doctissimis

137 1927 231 2004 viris
250 1927 318 2026 70),
344 1943 498 2031 praeter
521 1929 748 2016 Pacuvium,
772 1928 936 2015 Ennius
960 1925 1144 2029 Naevius,

137 2043 279 2120 Accius
287 2062 297 2131 ·,
332 2043 461 2118 immo
493 2043 579 2143 ipse
608 2047 735 2119 Varro
761 2028 983 2119 Dulorestis
1008 2054 1144 2117 aucto-

138 2180 202 2231 res
240 2153 518 2231 nominantur:
566 2180 803 2256 persuasum
840 2156 959 2232 nobis
995 2155 1144 2230 habere

138 2268 385 2371 poterimus,
435 2267 588 2346 nullam
634 2267 750 2345 aliam
799 2269 907 2371 apud
956 2270 1142 2370 antiquos

140 2383 313 2460 extitisse
341 2383 462 2460 huius
487 2383 663 2460 nominis
687 2383 864 2462 fabulam
889 2399 1044 2487 praeter
1071 2388 1142 2460 Pa·

91 2539 98 2553 ·
140 2523 357 2575 cumanam.

616 2732 666 2792 111.

237 2881 298 2955 De
330 2878 552 2956 Dulorestis
577 2877 735 2958 fabulae
760 2896 981 2984 argumento
1006 2880 1142 2982 plures

140 2996 321 3073 virorum
364 2992 580 3071 doctorum
623 3009 717 3073 sunt
761 2996 1022 3073 coniecturae.
1087 2999 1143 3072 Ac

218 3321 279 3400 68)
318 3345 346 3385 v.
365 3320 544 3384 fatiscuntur.
563 3342 592 3403 p.
604 3322 674 3383 474.
693 3319 759 3419 vide
776 3330 839 3381 not
857 3319 894 3380 ad
911 3318 1014 3405 fragm.
1027 3319 1091 3380 XL.

218 3469 280 3548 69)
319 3493 347 3533 v.
367 3469 498 3531 fatiscere
516 3490 547 3549 p.
567 3468 635 3530 307.
654 3420 721 3530 vide
740 3480 803 3530 not.
822 3467 858 3529 ad
877 3468 978 3552 fragm.
997 3467 1062 3528 XL.

219 3616 278 3695 70)
317 3617 361 3677 lta
387 3614 573 3677 casaubonus
598 3615 634 3677 ad
658 3615 839 3677 Athenaeum
864 3613 913 3675 lib.
937 3614 1001 3674 VII.
1021 3637 1051 3696 p.
1071 3615 1142 3692 327,

140 3712 191 3775 uhi
215 3731 310 3774 sermo
340 3721 384 3774 est
409 3711 446 3773 de
465 3711 619 3773 *Strattidis
643 3707 882 3793 ’Ar-fgmgfnfl:
905 3709 1075 3788 „Simifis,“
1094 3711 1141 3770 in-

141 3808 219 3892 quit,
241 3806 437 3890 „compositio
465 3805 604 3883 nominis,
628 3807 828 3888 Διυλιςίπης,
846 3825 905 3885 quo
924 3805 1012 3867 titulo
1031 3804 1141 3867 fabulas

141 3905 293 3967 ediderunt
316 3902 555 3984 Latini-poetae,
578 3902 706 3977 Ennius,
728 3899 881 3979 Pacuvius,
903 3900 1058 3963 Naevius.“
1100 3901 1141 3963 Et

142 3999 242 4065 similia
260 3998 336 4082 apud
354 3998 426 4063 elios
446 3996 567 4077 centies,
586 3996 637 4080 qui
655 3995 726 4061 tales
744 3995 823 4063 viros
841 3995 933 4062 secuti
951 4007 1027 4060 sunt.
