2566 4432
5 2987 6 2992 l
133 3027 226 3099 Delr.

461 324 468 338 .
609 257 682 329 too

144 423 209 493 loci
231 422 375 508 Liviani,
397 450 465 493 non
488 448 561 494 esse
583 448 712 493 versum
736 448 752 492 e
775 421 967 508 Duloreste,
994 425 1052 494 sed
1076 441 1141 494 tra·

144 528 280 623 goediae
304 545 536 624 praetextatae,
560 555 607 599 ex.
630 555 676 622 gr.
700 555 717 598 e
739 526 858 598 Paulo.
891 533 893 536 ⁴

301 784 304 794 “
341 802 510 875 xxvu..
542 797 677 895 (ooth.
703 797 841 872 Dulor.
865 797 947 894 32.)

231 981 360 1052 Nom‘us
390 1007 422 1074 p.
445 987 519 1054 237.
540 979 659 1052 Mero:
709 981 914 1063 „Automate
943 995 993 1049 est
1021 979 1138 1051 dicere.

141 1083 303 1155 Pacuvius
325 1085 502 1154 Periboea:
546 1082 662 1167 Flexa,
685 1109 754 1152 non
775 1082 858 1152 salsa
880 1099 1046 1152 autumare
1069 1086 1147 1178 (lta‘
1171 1116 1175 1123 ¹

140 1189 227 1258 lens.
250 1202 441 1258 autunmare
462 1189 586 1279 Merc.)
618 1188 717 1257 dictio
738 1186 877 1282 Delphis
902 1188 1000 1258 solet:
1028 1230 1073 1244 -
1095 1218 1150 1245 —·

140 1293 319 1363 Autumare
357 1310 406 1362 est
440 1317 583 1387 sperare.
638 1292 802 1362 Pacuvius
835 1290 1027 1364 Duloreste:
1071 1298 1145 1366 Aut·

138 1399 192 1466 tic
213 1410 278 1475 est,
304 1409 362 1465 aut
381 1397 435 1465 hic
456 1399 573 1490 adfore
594 1408 738 1464 actutum
760 1409 929 1465 optumae

324 1606 498 1741 xxVfll.
546 1663 681 1760 (Both.
707 1662 845 1737 Dulor.
870 1664 953 1761 22.)
1050 1721 1053 1727 .
1109 1686 1115 1694 ·

128 1897 140 1910 .
227 1847 356 1920 Nom'us
377 1875 408 1915 v.
432 1808 624 1941 Occupatus
647 1871 678 1938 p.
695 1851 771 1917 355.
794 1843 912 1917 Merca
934 1897 955 1929 „
967 1843 1140 1937 Occupato

139 1968 189 2022 est
208 1952 338 2047 proprie
357 1950 559 2042 praevenire.
581 1993 625 2003 -
639 1991 683 2002 -
705 1946 867 2016 Pacuvius
891 1948 1120 2041 Duloreste(

138 2058 302 2126 dolorestc
329 2057 416 2126 lens.
448 2056 482 2126 in
511 2055 624 2124 dolore
650 2052 726 2124 Par.
770 2049 857 2122 Vide
886 2077 969 2148 quae
1001 2052 1138 2125 'diximus

137 2187 213 2256 pag.
248 2170 290 2236 79
317 2159 411 2253 inf.):
463 2161 501 2228 Is
529 2158 599 2253 puis
627 2158 700 2225 est?
737 2158 795 2251 qui
816 2169 892 2226 tunc
918 2158 952 2227 si
981 2157 1073 2227 illum
1102 2171 1138 2228 tu

138 2288 298 2355 occupas,
321 2264 386 2333 leto
409 2264 542 2334 dabrk.“
996 2292 998 2297 ·

207 2403 262 2522 ‘Is
285 2403 356 2497 quis
378 2402 521 2497 estqui]
553 2401 687 2497 Ulysses
710 2412 760 2470 cst
780 2377 875 2494 quent
894 2401 929 2469 in
944 2426 1137 2498 margfpro-

136 2508 353 2682 Pomltrtllltnsi
370 2612 462 2690 illum
482 2622 533 2692 tu]
562 2610 612 2680 Ita
640 2610 738 2679 etiam
758 2610 830 2678 Iun.
853 2608 968 2702 Steph.
993 2608 1139 2679 stillum

134 2727 171 2785 to
194 2731 276 2798 (om.
299 2721 395 2808 tunc)
418 2716 505 2786 leus.
519 2713 596 2786 Par.
618 2726 652 2784 te
672 2714 710 2785 ni
727 2726 763 2783 tu
782 2714 874 2783 illum
895 2713 986 2785 Delr.
1007 2726 1085 2785 tunc
1105 2714 1140 2783 si

112 2818 171 2889 ”tu
191 2820 281 2888 illum
303 2818 405 2891 Scriv.
613 2828 615 2832 ’
650 2865 652 2870 ·

224 2925 305 3006 leto]
339 2924 427 2994 laeto
454 2925 541 2993 lens.
577 2924 657 3017 (sed
684 2922 763 2994 Par.
791 2923 876 3017 leto)
910 2924 995 2995 letho
1022 2921 1137 3019 Steph.

222 3133 333 3217 dobes]
366 3134 417 3202 lta
448 3132 544 3201 etiam
571 3133 655 3207 lens.
682 3131 760 3202 Par.
788 3133 860 3201 lun.
890 3130 1003 3226 Steph.
1032 3131 1136 3203 Scriv.

134 3239 227 3310 dabit
251 3238 359 3322 Delr.,
392 3239 502 3333 itaque
532 3237 628 3306 etiam
652 3235 814 3320 Vossius,
845 3236 899 3332 qui
927 3235 961 3304 in
989 3234 1138 3332 Castigg,

133 3370 166 3439 p-
189 3354 243 3419 92.
272 3342 423 3414 Scriverii
452 3341 591 3413 lectione
619 3341 703 3434 (qai
726 3353 801 3410 tunc
828 3341 862 3409 si
885 3353 921 3408 tu
948 3341 1040 3410 illum
1062 3368 1093 3412 o.
1116 3342 1138 3410 I.

133 3449 249 3540 dabr's)
278 3448 443 3542 adscripta
473 3445 577 3516 addit:
605 3446 680 3530 „Ita
705 3445 923 3540 lllauuscripti
951 3461 984 3514 et
1011 3463 1138 3516 veteres

135 3551 314 3637 editiones,
342 3553 403 3622 sed
425 3569 504 3647 puto
526 3546 593 3643 legi
615 3549 728 3620 debet:
779 3551 848 3641 Qui
866 3563 899 3618 tc
919 3575 1020 3634 nunc,
1046 3548 1085 3618 m'
1103 3561 1140 3618 tu

115 3658 223 3726 ¹illum
246 3681 405 3747 occupas,
429 3657 494 3725 leto
516 3654 618 3725 dabit.
663 3656 763 3726 Error
785 3672 880 3724 natus
905 3681 943 3724 ex
967 3679 1023 3736 eo,
1047 3651 1139 3748 quod
1179 3706 1184 3713 1

132 3755 182 3834 ᾗ
199 3758 384 3855 compendii
408 3784 486 3851 ergo
508 3786 568 3854 pro
584 3787 667 3831 nunc
683 3760 852 3855 scripsere.
888 3747 1005 3829 Possis
1023 3757 1139 3827 etiamr

6 3939 8 3945 s
132 3868 251 3963 quite,
274 3865 341 3934 ηἰεί
359 3865 450 3933 illum
470 3875 507 3933 tu
529 3889 681 3958 occupas,
705 3867 770 3934 leto
792 3864 894 3934 dabit.
930 3859 1001 3933 Nec
1025 3861 1137 3955 displi-

134 3978 186 4044 ccl
208 3980 320 4043 eorum
344 3969 544 4057 coniectura,
574 3971 628 4066 qui
656 3994 735 4064 pro:
762 3968 791 4038 t's
819 3969 891 4063 puis
920 3969 995 4039 est?
1023 3965 1138 4058 legunt
