2566 4432
609 260 682 335 tre

139 431 185 501 tia
222 430 425 503 dormitantis
457 429 592 517 librarii,
627 431 711 530 „qni
744 425 847 504 sicubi
881 433 1014 503 verbum
1048 434 1145 506 idem

139 536 191 607 bis
219 536 392 633 repetitum
419 534 494 621 tuit,
526 560 748 634 quaecumque
776 536 969 607 intermedia
995 535 1144 626 luerunt,

140 640 258 712 omisit.
303 638 485 730 Quomodo
507 640 686 712 sexcenties
713 658 883 737 peecatum
911 641 946 710 in
969 641 1032 713 hoc
1057 669 1143 739 ope-

138 771 191 832 re;
221 761 253 816 et
280 761 433 815 notamus
465 743 533 814 suis
561 745 655 815 locis.
698 745 861 829 Alterum5
890 746 979 841 quod
1009 764 1143 818 coutra-

137 849 187 919 rio
218 849 296 922 vitio
330 848 459 945 repetiit
488 875 527 920 ex
554 847 754 920 sallustiano
787 849 935 945 exemplo
966 849 1036 930 illa,
1074 851 1142 921 lar·

138 953 217 1047 gitio
230 942 324 1050 'quae
347 969 415 1022 tum
436 952 549 1047 ignota
571 970 649 1025 erat.
700 950 787 1025 Nam
809 969 896 1023 certe
918 954 1045 1025 scribsit
1067 953 1142 1027 No·

136 1057 226 1127 nius:
270 1110 290 1144 „
299 1058 420 1129 Mones
451 1081 472 1126 a
499 1057 662 1129 veteribus
690 1058 897 1142 dicebantur,
924 1084 995 1130 non
1022 1083 1042 1129 a
1072 1058 1142 1129 lar-

137 1161 273 1256 giendo,
301 1163 362 1233 sed
393 1163 636 1234 consentientes
665 1163 709 1232 ad
739 1187 884 1259 eaquae
908 1163 1143 1234 amicivelint.
1170 1177 1172 1180 ’

135 1265 257 1352 Pacnv.
271 1265 464 1338 Duloreste:
486 1265 771 1364 Animumque...
793 1266 925 1337 Sallust
940 1269 1010 1362 lug.
1032 1268 1141 1339 bello:

135 1372 336 1441 nemetiam
358 1389 427 1441 tum
453 1371 581 1466 largitio
610 1371 719 1441 multis
741 1371 763 1442 i.
786 1397 815 1441 e.
857 1372 896 1440 In
917 1371 1058 1442 Lucillio
1087 1372 1141 1441 ni-

135 1474 181 1544 hil
209 1490 260 1545 est
288 1477 491 1545 mutandum.
548 1474 759 1571 Septenarius
787 1476 913 1569 integer
943 1493 1008 1562 est,
1038 1503 1142 1574 quem

134 1579 240 1674 primo
264 1579 401 1650 consilio
423 1580 645 1650 hexametrum
666 1578 768 1650 voluit
787 1577 896 1651 lacere
919 1582 1062 1677 optimus
1082 1582 1140 1651 Iu-

134 1684 246 1754 nius.“
288 1684 435 1761 Sallustii
455 1685 547 1757 loeus
581 1700 631 1754 est
651 1681 795 1777 lugurth.
817 1694 871 1760 99.
914 1685 952 1755 ln
974 1684 1140 1755 Pacuvia-

133 1789 185 1859 nis
206 1789 357 1860 Mercero
382 1806 516 1860 eatenus
548 1789 742 1884 adstipulor‚
770 1805 806 1857 ut
836 1789 944 1885 ipsum
972 1790 1053 1860 illud
1074 1786 1143 1884 que'

134 1892 277 1963 abfuisse
301 1890 327 1963 'a
355 1893 502 1967 Pacuvio
530 1894 744 1983 contendam3
783 1892 877 1961 affuit
904 1909 1014 1964 tamen
1041 1919 1139 1991 prae·

133 2011 223 2067 terea
252 1998 349 2068 etiam
370 2024 434 2069 vox
460 1999 585 2077 munis,
615 2022 713 2093 quam
739 2023 847 2094 neque
871 1997 1044 2069 Sallustius
1077 2025 1138 2069 ne·

135 2127 199 2197 que
211 2101 358 2173 Lucilius
373 2103 512 2188 habent;
533 2102 673 2173 fortasse
692 2101 814 2172 dixerat
830 2103 974 2173 ominum
985 2128 1124 2178 mmm.

221 2207 350 2278 Locum
371 2207 422 2277 his
446 2208 613 2301 assignare
636 2233 704 2277 non
726 2207 907 2303 potuimus;
937 2232 1139 2306 quamquam
1192 2289 1197 2294 ,

133 2311 239 2404 agitur
259 2312 294 2381 in
316 2328 431 2384 nostra
451 2311 562 2383 fabula
584 2312 625 2384 de
648 2312 762 2384 amicis
786 2313 931 2385 omnium
955 2311 1050 2384 facile
1070 2332 1136 2383 'ce-

132 2414 322 2488 leherrimis.
