2566 4432
659 259 805 334 78-

183 429 269 499 seuti
291 428 430 525 tempori
451 429 608 515 iunctum,
631 445 666 499 ut
689 429 776 525 apud
794 426 942 499 Graecos
965 415 1067 501 arari.
1105 426 1190 499 Ver·

183 560 239 602 sus
269 550 320 605 est
348 533 436 629 apud
465 531 533 602 Cic.
558 561 632 631 epp.
663 533 706 604 ad
728 535 805 605 fam.
827 535 885 622 IX,
907 546 968 612 Ὧι
1025 533 1193 628 Virginem

182 664 235 708 me
260 642 425 734 quondam
447 638 582 708 inritam
599 647 662 732 pe‘r
683 640 746 709 rim
769 639 869 710 violat
890 641 1050 736 Irippiter.
1072 709 1076 717 .

271 794 414 864 Bothius
437 794 484 865 ita
506 794 663 891 dispescit
685 821 815 866 versus:

191 945 304 1044 Quid?
330 956 495 1049 quondam
517 962 550 1022 et
571 951 654 1020 mihi
667 951 761 1045 piget
777 963 954 1043 paternum
968 955 1096 1030 nomen,
1120 926 1192 1020 ma-
1218 949 1227 967 '

783 1063 908 1126 temam
925 1058 1030 1148 pudet

182 1163 332 1258 Prcffdri.
356 1254 358 1258 .

270 1316 307 1387 Si
330 1296 468 1414 prologo
486 1314 581 1387 ,haec
609 1331 697 1384 recte
730 1313 980 1410 adscripsimus,
1009 1315 1190 1388 distributio
1230 1394 1231 1397 Ἴ

181 1422 217 1491 in
241 1424 404 1491 trimetros
426 1421 496 1490 sere
520 1418 717 1490 necessaria.
765 1417 862 1508 Quae
891 1445 1044 1489 versuum
1074 1422 1190 1493 divisio

182 1526 277 1595 simul
302 1553 341 1596 eo
364 1525 619 1609 commendatur,
643 1524 732 1618 quod
750 1524 844 1617 piget
867 1541 900 1594 et
916 1528 1020 1617 pudet
1040 1525 1133 1596 initia
1158 1545 1190 1597 et

181 1631 215 1701 iu
239 1632 303 1701 fine
327 1656 442 1701 versus
465 1629 576 1724 posita
598 1645 720 1721 augent
741 1629 805 1699 vim
829 1629 992 1702 dictionis.
1034 1630 1190 1702 Ceterum
1235 1700 1236 1703 ,

183 1737 224 1807 de
254 1738 428 1807 verborum
450 1735 545 1829 piget
574 1750 606 1802 et
629 1736 734 1824 pudet
763 1733 948 1805 discrimine
979 1753 1093 1806 monet
1118 1734 1190 1808 No·

181 1843 272 1910 nius:
314 1839 450 1927 „Pudet
473 1856 505 1909 et
526 1838 617 1936 piget
639 1838 703 1907 boc
727 1836 837 1917 distat:
866 1841 969 1936 pudet
991 1829 1078 1911 enini
1100 1869 1191 1912 vere·

182 1946 319 2016 cundiae
344 1963 410 2029 est,
432 1944 544 2039 pigere
567 1941 826 2036 poenitentiae.“
866 1943 975 2034 Quae,
998 1946 1026 2016 si
1050 1945 1190 2018 Orestes

181 2069 313 2121 nostros
346 2075 457 2119 versus
486 2046 625 2142 profert,
661 2074 730 2116 non
759 2049 854 2118 nimis
882 2076 958 2121 vera
988 2077 1061 2121 esse
1088 2067 1191 2148 patet.

182 2152 476 2253 Structuraesmidi
496 2151 590 2245 piget
613 2152 716 2222 simile
739 2153 959 2224 Horatianum
986 2154 1066 2224 illud
1098 2154 1191 2249 (Sat.

181 2261 206 2379 r,
234 2267 299 2351 ι),

584 2379 676 2487 Quid
699 2399 818 2469 referat
833 2396 924 2479 ,intra
1031 2382 1033 2387 Ι

292 2500 436 2573 Naturae
460 2503 541 2572 fines
565 2503 702 2589 viventi,
724 2505 838 2598 iugera
860 2520 991 2573 centum
1013 2529 1056 2573 an

292 2608 384 2678 Mille
409 2611 499 2677 aret?

443 2929 490 3006 V.
541 2927 677 3025 (Both.
703 2927 843 3004 Dulor.
866 2929 924 3025 2.)

270 3146 464 3218 Priscianus
496 3144 569 3240 (lib.
590 3143 644 3229 V,
667 3161 747 3219 tom.
761 3136 801 3221 ¹1.
823 3171 856 3240 p.
878 3153 954 3218 208.
975 3141 1089 3212 Krebl.
1111 3151 1187 3227 668,

182 3253 204 3323 l.
227 3263 257 3330 9.
280 3252 437 3344 Putscb.)
469 3251 767 3333 demonstraturus,
794 3249 829 3317 iu
858 3248 1018 3318 vocabulo
1038 3247 1189 3342 plerique

182 3384 243 3453 que
266 3357 348 3425 nihil
371 3356 458 3425 aliud
483 3381 556 3425 esse
588 3354 651 3422 nisi
682 3354 863 3448 epectasiu,
892 3353 1058 3449 quomodo
1087 3378 1125 3423 ce
1152 3353 1186 3422 iu

182 3463 375 3560 quibusdam
391 3460 641 3555 pronominibus
663 3475 695 3527 ct
710 3458 880 3541 adverbiis,
903 3474 940 3526 ut
956 3458 1055 3538 hr'sce,
1078 3461 1187 3536 hosce,

179 3569 304 3646 illisce3
328 3565 528 3661 affertduos
553 3570 665 3634 'versus
690 3563 836 3645 Pacuvii,
859 3563 1034 3632 alterum
1053 3562 1187 3631 Teucro

180 3670 289 3769 (apud
317 3669 419 3738 Both.
441 3679 499 3742 222
545 3669 703 3754 „Periere
726 3669 854 3752 Danai,
881 3669 981 3759 plera
1007 3692 1084 3762 pars
1113 3692 1189 3761 pes·

179 3776 331 3849 sumdata
355 3787 450 3862 est;“
474 3775 614 3844 eundem
638 3776 695 3843 dat
715 3775 835 3842 Festus
858 3800 887 3841 v.
905 3771 1028 3867 plera),
1051 3770 1189 3840 alterum

160 3873 345 3952 nostrum:
368 3920 414 3935 -
440 3878 632 3963 „Pacuvius
661 3881 695 3948 in
718 3878 913 3949 Duloreste:
957 3878 1068 3947 Pater
1088 3874 1188 3948 Acti·

180 4013 238 4080 ras
258 3985 295 4055 ia
319 3982 488 4079 Capherei
506 3983 603 4053 sacis
621 3983 735 4078 pleros
754 3981 909 4077 perdidit.
918 3993 938 4027 ‘⁶
