2566 4432
604 251 678 325 1⁰⁶2

137 422 254 493 excidit
269 437 343 491 ante
359 425 574 506 contenderet,
597 424 640 492 ob
662 398 800 490 similim
823 418 978 514 syllabam
995 443 1137 515 sequen·

136 543 213 596 tem.
253 526 356 615 Quod
378 525 472 619 facile
496 527 688 611 concedent,
712 525 768 620 qui
791 525 898 592 sciunt
919 523 954 593 in
975 527 1136 596 membra·

136 633 187 701 nis
212 657 302 701 esse:
353 633 516 722 Quorsum
527 634 629 726 flend
650 631 775 702 cervice
797 640 866 697 tum
894 634 1138 702 contenderet.“

138 735 448 839 Transpositiouem
470 737 633 832 persuasit
654 736 756 818 Both.¹
794 734 845 805 Ea
863 751 977 806 ,tamen
999 735 1138 807 forsitan

135 858 323 935 poteramus
347 842 569 936 supersedere.

352 1164 468 1239 xxn.
519 1162 655 1259 (noth.
680 1161 819 1239 uuor.
844 1160 926 1258 er.)
945 1122 950 1138 '

226 1380 355 1453 Nouius
381 1406 414 1474 p.
442 1383 519 1455 491.
544 1349 664 1451 illem:
710 1378 860 1463 „Soniti,
892 1394 924 1449 et
949 1370 1047 1458 sonu,
1078 1406 1138 1476 pro

136 1482 262 1552 sonitus
286 1501 318 1552 ct
341 1484 424 1553 soni.
468 1484 632 1553 Pacuvius
655 1482 846 1552 Duloreste:
892 1483 1059 1575 Quidnam
1081 1513 1139 1557 au·

136 1597 202 1655 tem
223 1589 286 1657 hoe
305 1589 408 1657 som‘ti
426 1600 491 1667 est,
514 1591 604 1681 quod
621 1588 898 1682 striduntsores?

226 1765 329 1855 quod]
358 1763 408 1830 Ita
432 1786 546 1832 omnes
570 1763 661 1846 edd.,
689 1761 752 1831 nisi
775 1762 864 1859 qnod
886 1763 972 1831 lens.
995 1761 1071 1834 Par.
1093 1764 1138 1833 si·

134 1865 226 1960 glum
256 1867 344 1936 dant.
378 1867 459 1959 quid
485 1868 607 1962 duplici
641 1867 894 1960 interrogatione
923 1867 1064 1938 Bothius
1096 1869 1139 1939 de

138 1972 325 2052 coniectura
349 1973 427 2040 satis
450 1972 617 2066 probabili.
662 1969 747 2041 Nam
769 1971 911 2040 sonitum
932 1973 1071 2044 stn'dere
1091 1975 1140 2045 ni-

136 2076 237 2144 mium
260 2076 408 2171 displicet
431 2101 469 2145 ac
492 2103 597 2170 paene
620 2074 794 2145 ridiculum
824 2092 890 2166 'cst3
920 2094 1008 2148 certe
1037 2078 1141 2176 crepi-

136 2196 206 2249 tum
228 2181 393 2250 valvarum
416 2183 500 2250 bene
523 2197 659 2250 noverat
681 2180 809 2251 Thoas.

225 2285 367 2355 stridunt
380 2288 501 2380 sores]
516 2286 598 2379 sori
621 2285 763 2355 strident
787 2287 874 2355 lens.
895 2284 973 2357 Par.
999 2289 1143 2360 stridunt

46 2457 49 2464 ,
123 2389 206 2485 sori
224 2387 338 2486 Steph.
381 2390 504 2462 Veram
527 2391 700 2461 lectionem
724 2390 813 2459 dedit
833 2392 903 2466 lun.
1150 2414 1153 2423 ’

225 2496 279 2572 Ad
302 2497 466 2566 senarium
487 2496 720 2592 perficiendum
740 2495 792 2564 vel
814 2495 921 2580 initio,
944 2493 995 2565 vel
1018 2496 1053 2565 iu
1076 2497 1141 2568 line
1193 2575 1200 2593 ,

14 2664 16 2669 .
139 2600 231 2671 deest
252 2626 329 2696 pcs;
353 2601 380 2670 si
402 2602 533 2697 quidem
556 2601 705 2671 senarius
728 2599 796 2674 fuit.

178 2917 313 3005 XXIII.
363 2915 499 3012 (Both.
524 2916 663 2992 Dulor.
688 2919 748 2992 35.
797 2914 1016 2991 Hermiona
1041 2914 1103 3013 3.)

225 3131 393 3202 Priscian.
422 3159 455 3228 p
477 3142 553 3209 887.
576 3133 729 3204 Putsch..
773 3129 990 3217 „Notandum
1020 3146 1144 3216 tamen,

136 3237 226 3332 quod
242 3262 419 3357 cognosco,
444 3237 594 3332 cognovi,
618 3238 793 3331 cognitum,
817 3255 849 3306 et
864 3262 1024 3342 agnosco,
1039 3261 1144 3330 agno·

135 3341 183 3424 vi,
209 3341 371 3434 agnitum,
400 3342 434 3411 in
456 3341 670 3439 frequentiori
697 3368 760 3411 usu
787 3336 926 3427 faciunt,
954 3367 1017 3437 pro
1041 3363 1061 3410 ο
1083 3367 1144 3436 pe·

135 3444 272 3515 nultima
293 3447 470 3541 producta,
500 3472 598 3572 guam
621 3446 830 3517 vetustissimi
860 3448 1035 3518 servabant
1063 3470 1145 3515 ana·

135 3547 257 3644 logiam
279 3568 471 3645 sequentes,
499 3552 721 3648 icorreptum
743 3551 962 3623 adhibentes“
986 3567 1044 3624 cet.
1086 3548 1146 3618 Al·
1206 3572 1210 3581 ·

60 3700 65 3705 -
135 3653 210 3722 latis
235 3655 389 3749 exemplis
413 3684 431 3726 e
452 3657 615 3743 luvenali,
623 3656 776 3729 Lucano
783 3711 793 3743 ,
822 3654 997 3742 Sallustio,
1019 3654 1149 3752 pergite

135 3758 324 3843 „Pacuvius
359 3761 541 3831 secundum
574 3780 748 3860 utrumqne
781 3762 929 3859 protulit.
976 3762 1019 3832 In
1048 3761 1150 3833 turba

141 3864 255 3938 Oresti
273 3865 419 3957 cognito,
444 3878 544 3960 ognot
545 3894 567 3936 o
589 3880 640 3938 est
660 3882 784 3938 soror!
775 3881 796 3913 “

222 3969 321 4072 Apud
349 3967 462 4135 Steplt
492 3970 583 4044 deest
607 3975 676 4045 hoc
706 3971 932 4070 fragmentum
978 3972 1017 4044 lu
1036 3927 1164 4069 Corpi
