2566 4432
601 243 651 318 88

128 415 364 487 severissime
386 413 528 487 Bothius
558 413 701 498 monuit,
732 411 929 484 t‘rrtuerrntnr
960 428 992 504 et
1008 411 1141 504 possiet

130 520 178 591 sic
196 519 350 614 deinceps
373 517 481 612 posita
504 517 636 589 soloeca
660 540 745 587 esse.
772 515 942 612 ,Proponit
962 515 1059 611 igitur
1082 533 1143 586 aut

131 624 299 696 intuuntur
319 638 375 693 aut
397 622 484 695 hunc
507 624 680 694 verborum
697 612 862 691 ordinem:
884 645 1004 714 capere
1021 632 1144 714 posset

130 728 292 810 catinam
326 729 490 824 posterius
521 728 618 823 igrtur
653 751 752 821 supra
781 725 890 805 dedi„
927 723 1146 821 Quamquam

133 833 247 903 haeret
276 832 464 928 scrupulus,
494 857 542 929 ¹an
570 831 688 902 Cicero
724 831 864 926 primurn
898 845 930 900 et
958 829 1146 899 secundum

134 962 248 1010 versus
280 936 397 1007 leniter
430 936 660 1022 immutaverit,
695 932 925 1006 coniunctione
954 945 990 1006 ut
1018 933 1146 1020 addita,

135 1065 175 1112 ac
198 1041 361 1127 Pacuvius
384 1042 429 1112 ita
450 1041 518 1114 fere
542 1039 719 1138 scripserit:

137 1180 238 1261 [Tum
259 1181 311 1252 vel
333 1181 456 1266 simile]
475 1181 681 1277 prestetidne
702 1179 785 1249 laeti
798 1160 940 1273 pr'scr'nm
961 1178 1137 1248 lasciviam
1158 1166 1161 1171 ⁵

136 1278 335 1371 ‘Irrtnuntur,
356 1296 416 1362 rre'c
437 1287 551 1358 tuendi
568 1294 687 1378 ccipere
703 1286 795 1379 potis
818 1297 869 1357 est
889 1283 1039 1354 sdtr‘rtas.

25 1480 31 1491 Δ
136 1420 332 1494 Praesentia
355 1441 441 1493 certe
459 1423 560 1492 fuisse
576 1425 675 1493 fidem
691 1422 816 1493 iaciunt
829 1447 942 1492 versus
957 1437 1150 1517 sequentes.

227 1527 366 1609 tonitru]
395 1526 577 1597 Wieland.
607 1528 649 1594 ad
676 1527 791 1601 Horat
819 1526 924 1622 Epist
953 1526 993 1609 11,
1019 1537 1049 1598 1.
1076 1541 1150 1606 not,

140 1638 210 1715 12„
232 1631 289 1704 ubi
311 1630 374 1700 hoc
396 1630 472 1700 loco
494 1631 610 1716 utitur,
639 1630 729 1705 dedit
748 1632 875 1711 sonr'ttt,
899 1647 1021 1702 temere
1043 1645 1081 1698 ut
1103 1629 1151 1704 vi-

140 1735 245 1807 detur.
763 1772 766 1779 ·

118 1882 133 1931 ¹·
229 1838 327 1908 imbri
345 1839 513 1933 largifluo]
543 1839 675 1935 Schiitz.
703 1855 808 1914 metro
837 1839 1051 1936 opitulaturus
1081 1837 1151 1906 lar·

137 1945 239 2044 grfluo
262 1944 373 2022 imbri,
398 1945 487 2040 quod
509 1970 578 2014 non
600 1943 851 2047 necessarium.¹
968 1974 971 1981 ¹

230 2049 340 2117 subita
356 2049 712 2139 praecrirr'tansl'lnter
734 2048 815 2120 haec
838 2050 1006 2120 intrudunt
1020 2047 1154 2117 turbine

144 2149 258 2246 Steph.
280 2150 370 2224 Delr.
394 2150 513 2236 Scriv„
539 2152 608 2220 iure
631 2152 821 2226 damnatum
843 2180 864 2225 a
885 2153 1010 2228 Vossio
1033 2169 1153 2248 utpote

143 2254 208 2324 huc
229 2272 368 2326 tractum
393 2283 409 2324 e
432 2256 560 2327 vicinia.

219 2360 346 2456 serw‘t]
355 2362 473 2456 ferret
493 2360 594 2431 Both.
618 2388 691 2430 cum
713 2359 849 2455 vulgatis
873 2359 944 2433 Cic.
968 2359 1042 2431 edd.
1081 2357 1155 2431 Sed

144 2462 226 2533 illud
248 2481 377 2559 praeter
398 2466 498 2535 libros
522 2473 592 2560 (ex.
616 2493 663 2559 gr.
681 2464 863 2536 Oxoniens.
878 2451 943 2566 ψ)
956 2466 1035 2536 satis
1055 2481 1155 2534 tuen·

16 2586 19 2591 ’
144 2585 197 2639 tur
218 2569 283 2639 loci
308 2568 439 2669 plurimi
466 2569 588 2640 laudati
609 2594 638 2645 ra
660 2567 770 2645 Nouio
793 2601 841 2646 vv.
858 2571 983 2674 servit,
999 2570 1155 2672 strom,

130 2675 259 2767 servat.

380 2997 461 3071 ΧΗ.
509 2995 645 3092 (Both.
670 2995 809 3073 Dulor.
834 2994 918 3089 30.)

236 3190 367 3267 Nonius
389 3218 420 3287 p.
447 3201 521 3269 181.
543 3192 664 3264 Mercu
700 3191 999 3279 „Temeritudr'rrrm
1019 3215 1080 3285 pre
1106 3207 1156 3261 te·

147 3296 306 3366 maritate.
350 3295 513 3368 Pacuvius
535 3298 729 3368 Duloreste=
766 3296 865 3367 Eunu
885 3308 1058 3391 tyrannum
1077 3295 1161 3366 nori

147 3401 412 3472 tementudr‘nem.

236 3536 354 3621 Eunu]
376 3512 474 3610 Burro
495 3541 583 3611 leus.
605 3540 683 3612 Par.
699 3541 803 3636 Egon’
818 3541 890 3609 lun.
905 3538 1024 3634 Egone
1039 3537 1155 3634 Steph.

149 3640 290 3737 Egone?
311 3642 403 3713 Delr.
424 3645 512 3724 Hert,
535 3669 601 3713 non
623 3644 725 3714 Seriv.

237 3759 425 3844 tyrannum]
447 3749 581 3842 tyranni
599 3747 713 3844 Steph.
735 3748 826 3818 Delr.
855 3749 968 3819 nescio
999 3768 1065 3843 quo
1095 3771 1155 3816 au·

151 3870 251 3928 ctore.

238 3956 394 4031 Bothiuse
421 3956 608 4044 „Fortasse
638 3956 846 4034 scribendum
869 3975 934 4030 est:
964 3957 1043 4028 Eu!
1070 3983 1157 4030 nunc
