2566 4432
681 268 730 340 46

202 429 457 548 Quamquam
477 428 604 520 'haec'
622 443 670 521 ab
704 445 1022 543 Agamemnone,
1057 445 1210 544 Clytae-

200 575 373 637 mnestra
390 559 471 635 iam
488 558 675 637 Aulidem
694 558 1046 661 appropinquante,
1067 559 1209 636 dicun-

199 689 275 752 tur.
315 674 500 751 Bothius:
524 674 624 772 „Agi
650 672 807 751 videtur
831 673 882 750 de
897 673 1093 776 Apollinis
1120 699 1210 750 ora·

200 789 305 878 culo,
333 792 518 868 Orestem
541 788 679 865 mcisei
703 788 877 866 iubentis
896 788 1059 865 caedem
1076 787 1210 890 patris

199 902 270 979 sed
294 905 362 992 ita,
395 917 442 978 ut
466 903 524 977 vis
550 927 634 979 non
661 903 935 980 adhibeatur.“
982 903 1057 981 Vix
1082 902 1208 978 credi-

200 1017 328 1093 derim
355 1018 404 1093 ab
429 1017 518 1117 ipso
536 1018 722 1121 Apolline
745 1033 812 1095 aut
830 1019 879 1094 ab
897 1017 976 1094 alio
997 1043 1207 1120 quoquam

199 1130 409 1207 oraculum
446 1129 547 1208 illud
586 1132 804 1234 explanari3
844 1147 933 1208 tum
972 1133 1081 1208 enim
1120 1157 1207 1208 non
1280 1211 1282 1218 ,

196 1253 352 1357 poterat
376 1257 546 1352 matrem
573 1248 756 1326 occidere
785 1246 902 1324 filius.
931 1251 1093 1347 'Neque
1118 1270 1207 1320 sen·

62 1445 63 1448 ¹
198 1385 290 1436 sum
323 1384 511 1437 versuum
548 1388 594 1438 ex
625 1362 759 1438 Bothii
791 1363 988 1463 opinione·
1015 1360 1206 1463 percipio.

197 1477 288 1550 Non
312 1472 512 1588 ¹cognoscit
529 1476 852 1572 Clytaemnestra,
884 1475 927 1551 ni
953 1474 1085 1570 fallor,
1111 1499 1206 1552 con-

197 1588 356 1692 silium;
381 1619 462 1668 non
486 1606 681 1670 contuetur
705 1590 841 1669 filiam.
989 1601 994 1610 “

227 1865 401 1943 Gnatam
427 1868 643 1969 despondit,
670 1868 810 1969 ndptz‘is
834 1866 937 1942 hunc
960 1868 1030 1943 dat
1053 1865 1161 1941 diem

195 2059 336 2156 Agitur
359 2058 584 2138 manifesto
625 2058 676 2136 de
707 2060 936 2162 Iphigeniae
973 2074 1012 2136 et
1042 2057 1205 2137 Achillis

196 2171 360 2271 nuptiis·
398 2177 507 2250 Neve
531 2174 692 2252 haereas
718 2176 760 2250 in
778 2176 944 2253 vocibus
968 2175 1070 2251 hanc
1093 2177 1203 2252 diem.
1236 2231 1238 2237 .

139 2295 144 2300 ’
195 2289 299 2378 Nam
326 2287 676 2389 Clytaemnestram
695 2290 833 2368 Achilli
860 2290 1119 2391 explicantem
1143 2288 1204 2362 in-

197 2398 307 2477 ducit
330 2403 536 2504 Iphigenia
571 2405 639 2504 (ut
672 2405 778 2508 apud
804 2404 1040 2507 Euripidem
1073 2401 1203 2478 estin

195 2517 325 2594 Aulid.
351 2523 435 2623 833.
462 2519 572 2620 sqq.)
655 2529 656 2533 ’

292 2740 328 2788 τι
319 2704 478 2811 'palm’
465 2708 538 2812 eye?
562 2742 616 2790 σοι
607 2705 783 2813 ἃιξιῶις
810 2699 1046 2809 αἷᾶοἰμιθ
1018 2741 1063 2791 ut

291 2820 536 2958 ’Ayoyaiytvpffi
569 2857 594 2905 n
588 2817 872 2928 ’drudorum
842 2832 889 2904 ait
913 2819 967 2922 μή
989 2852 1052 2923 μοι
1076 2818 1201 2925 θέμις.

70 2919 72 2923 ι
195 2948 262 3016 KA.
292 2934 403 3037 θέμις
427 2930 626 3039 μάλιστα,
651 2938 713 3019 aar
737 2936 820 3039 {ph
845 2932 923 3016 ἐπεὶ
946 2941 1085 3039 γαμεῖς

291 3046 473 3145 aad,
444 3088 471 3134 ω
496 3058 591 3147 &scir
615 3055 698 3135 παῖ
712 3048 865 3144 ποντίας
891 3065 945 3132 Nn
947 3043 1071 3163 paidos.

668 3230 724 3282 ΙΙΙ.

544 3393 600 3423 -a
617 3349 881 3451 Hymenaeum
892 3348 1072 3449 fremunt

266 3463 477 3568 Aequa'les:
503 3466 598 3540 aula
623 3464 761 3539 resonit
785 3463 923 3562 crepitu
946 3462 1100 3536 musico.
1201 3546 1204 3550 ff

192 3659 321 3735 Verba
346 3658 549 3760 Euripidis
582 3672 675 3734 sunt
706 3656 790 3758 Iph.
817 3660 934 3730 Taur.
958 3659 1057 3742 355„
1093 3657 1200 3734 Cave

191 3787 325 3849 tamen
355 3771 463 3848 hinc
482 3770 714 3858 concludas,
747 3770 1097 3867 Clytaemnestram
1126 3774 1198 3850 Ar-

90 3905 95 3917 *
192 3887 250 3984 gis
282 3900 512 3965 manentem
544 3885 659 3985 fingi,
692 3899 737 3961 ut
769 3884 848 3960 hoc
879 3884 970 3960 loco
1004 3901 1062 3962 est
1087 3886 1263 3989 apud

191 3999 442 4103 Euripidem:
