2566 4432
597 286 669 363 127

137 486 224 532 vere.
267 457 314 530 Et
333 457 417 528 haec
440 456 569 552 egregie
591 456 627 526 in
647 455 858 531 Dulorestenr
879 454 1012 527 iaciunt
1050 455 1136 551 Iphi·

112 627 116 637 .
139 574 255 668 geniae
271 586 382 640 narrat
399 586 514 666 pastor
535 561 731 664 (βουκόλος
753 586 805 640 est
818 569 907 665 apud
920 569 1137 665 Euripidem),

139 704 176 749 se
194 677 304 770 primo
325 700 423 746 mane
444 703 519 745 cum
547 676 618 745 aliis
641 674 863 768 Graiugenam
885 675 1006 745 vidisse
1035 675 1137 768 (scili
1166 679 1169 684 ’

138 799 191 853 cet
213 808 286 850 cum
309 807 424 874 greges
449 805 528 850 suos
551 781 595 849 ad
616 779 818 876 pascendum
840 778 945 874 primo
966 805 1062 849 mane
1079 779 1137 848 dn·

138 895 284 977 cerunt).
340 884 505 954 Matutino
532 900 680 980 tempore
704 884 790 958 ,haec
821 884 931 955 omnia
961 899 1035 953 acta
1064 908 1138 953 esse

115 993 236 1071 „ctiam
269 989 443 1085 Euripides
480 980 655 1084 significat,
694 988 826 1085 qnando
859 988 1061 1083 Iphigeniam
1097 989 1137 1058 de

141 1096 270 1167 somnio
294 1111 480 1164 narrantem
504 1093 639 1162 inducit

227 1199 346 1294 Longe
369 1199 431 1268 alia
453 1198 568 1268 Bothii
589 1197 671 1268 ratio
695 1213 755 1267 est.
789 1197 1003 1282 ,‚Dederat‚“
1024 1199 1140 1295 inquit,

140 1304 203 1390 „ni
226 1303 331 1388 fallor,
353 1303 431 1372 hoc:
453 1302 618 1372 Pacuvius
643 1302 720 1372 dicit
741 1302 898 1374 Pastore:
920 1301 1057 1372 Exorto
1079 1319 1140 1373 etc.

140 1410 258 1503 Ignota
280 1435 368 1478 nunc
392 1432 432 1479 ea
453 1405 581 1493 fabula3
612 1407 671 1477 sed
695 1423 941 1501 quantumst,
972 1407 1061 1502 qnod
1083 1434 1140 1477 ne·

140 1512 305 1583 scimus!“
1151 1508 1153 1512 ’

617 1779 664 1856 γ,
795 1825 800 1831 .

281 1924 417 2023 (Both.
442 1928 596 2001 Incertt.
621 1928 707 2000 Pac.
738 1923 784 1999 fr.
811 1928 1003 2027 12-15.)

230 2109 351 2180 Festus
374 2134 401 2177 s.
424 2136 453 2178 v.
475 2102 729 2177 Manticuiarum
749 2133 782 2203 p.
798 2117 874 2183 225.
895 2107 995 2186 Dae:
1018 2111 1141 2196 „Man-

143 2215 315 2286 ticnlarum
343 2239 423 2283 usus
452 2213 649 2309 pauperihus
679 2213 715 2283 in
746 2213 886 2284 nummis
920 2216 1140 2286 recondendis

141 2320 239 2390 etiam
261 2334 376 2389 nostro
398 2317 510 2388 seculo
544 2317 613 2387 fnit
642 2318 729 2394 unde
752 2317 964 2388 manticulari
989 2320 1141 2392 diceban·

141 2439 204 2507 tur,
228 2423 283 2519 qui
303 2421 435 2493 furandi
457 2424 561 2518 gratia
576 2422 766 2493 manticulas
783 2424 1007 2496 attrectabant.
1041 2425 1141 2514 Unde
1220 2484 1223 2488 .

140 2538 260 2623 po'e‘tae
282 2554 342 2623 pro
366 2528 481 2599 dolose
514 2527 592 2623 quid
622 2528 751 2622 agendo
779 2528 831 2597 usi
857 2545 935 2598 sunt
963 2557 1002 2601 eo
1031 2531 1142 2603 verbo.

140 2632 323 2704 Pacuviust
350 2633 409 2704 Aa
433 2632 711 2703 manticulandum
738 2644 814 2700 astu
840 2635 1048 2726 adgreditur.-
1078 2634 1142 2705 scit

142 2738 242 2816 enim,
274 2737 355 2831 quid
373 2737 593 2828 promeruerit
619 2784 756 2806 .....
792 2735 923 2805 Medici
948 2740 1141 2809 nmnticula·

141 2852 227 2912 tur.
250 2893 259 2912 .
283 2892 292 2912 .
316 2894 325 2913 .
351 2842 400 2911 ita
421 2867 473 2911 me
481 2842 581 2935 facti
600 2839 752 2932 oppressi
769 2839 856 2933 iugo.
899 2841 983 2912 Item
1006 2843 1141 2914 deindet

141 2946 340 3039 Aggreditur
367 2944 508 3040 (Sched.
530 2973 563 3041 p.
588 2954 644 3022 79:
673 2945 877 3038 Aggredior)
909 2959 986 3015 astu
1012 2973 1141 3042 regem3

105 3059 107 3063 ’
139 3049 418 3123 manticulandum
452 3063 503 3120 est
536 3051 589 3120 dic
614 3049 697 3119 muti
726 3047 869 3136 (Sched.
899 3051 1064 3120 monticul.
1091 3065 1142 3121 est

139 3154 253 3244 mihi).
290 3152 347 3223 Etr
371 3154 562 3223 Mucianam
585 3153 700 3224 ordiiis
715 3177 833 3221 novom
846 3154 1139 3235 mantnulutactu,
1223 3213 1226 3217 .

140 3284 186 3328 an
205 3257 383 3337 spectiora,
401 3259 484 3328 dicis
512 3259 739 3328 iuraiuranda.
782 3256 919 3338 Plautus
949 3258 1014 3327 hoc
1042 3260 1141 3354 signi

141 3363 239 3445 ficare
255 3362 392 3445 videtur,
416 3363 532 3458 quibus
556 3363 674 3435 cotidie
694 3385 813 3457 parvae
831 3388 937 3433 noxae
954 3379 1142 3458 extergean-

139 3482 201 3537 tur.
232 3463 373 3559 (Sched.
400 3466 554 3562 frequens
585 3467 672 3538 enim
694 3464 833 3561 antiquis
847 3465 904 3572 ,ad
932 3490 1049 3537 manus
1079 3485 1142 3538 ter-

141 3569 266 3664 gendas
289 3596 369 3641 usus
392 3569 452 3640 fuit
473 3572 698 3643 mantelorum.
707 3577 758 3663 ).“

134 3703 138 3709 ·
227 3674 340 3744 Locos
368 3675 576 3748 Pacuvianos
613 3677 662 3768 (si
696 3674 827 3771 quidem
865 3702 980 3748 omnes
1007 3676 1142 3747 Pacuvii

138 3784 239 3869 sunt)
262 3777 450 3872 ingeniose,
474 3782 534 3851 sed
556 3780 691 3850 nimium
715 3794 871 3874 quantum
895 3781 1050 3850 audacter
1071 3797 1142 3849 ten·

137 3881 217 3983 tavit
238 3883 303 3952 los.
331 3881 494 3979 Scaliger3
522 3886 612 3958 cuius
643 3883 845 3955 coniecturas
875 3884 949 3956 vide
980 3884 1024 3955 sis
1054 3884 1143 3981 apud

137 4011 255 4081 ipsum.
