2566 4432
539 304 542 313 '
601 289 675 363 tlt

137 475 171 532 et
198 482 295 530 senes
326 460 488 556 decrepiti·
514 458 610 546 dieti,
644 460 679 528 in
711 459 812 529 dubio
846 459 931 528 vitae
965 462 1141 535 constituti.

136 586 182 620 -2-
195 588 243 622 -·
261 563 425 636 Pacuvius
443 564 640 635 Dulorestez
664 565 744 636 Non
765 575 848 633 vetet
869 564 1014 634 animum
1033 565 1141 660 eegn2

136 670 248 740 tudine
268 671 302 739 r‘n
323 696 359 741 re
379 688 515 764 crepera
536 670 661 766 eorfiei.
730 708 733 713 Δ

225 811 443 905 aegritudine]
468 809 702 904 aegn'tudr'nem
724 809 802 878 Par.

225 926 323 998 vetet]
348 916 425 985 vetit
446 916 481 984 in
505 914 606 1010 Corp.
628 913 738 985 Poett.
768 914 954 1009 typothetae
985 938 1075 985 error
1096 915 1141 986 vi·

138 1019 247 1104 detur,
269 1047 312 1090 ne
336 1021 486 1091 conseras
510 1019 628 1089 similia
649 1019 737 1089 sunit
759 1035 822 1088 etc.
1107 1108 1110 1113 Ι

225 1124 373 1196 Primam
396 1124 564 1222 dipodiam
592 1125 621 1194 si
649 1124 694 1193 ita
722 1123 954 1194 dimetiendam
977 1125 1142 1220 putaveris

49 1257 61 1283 ‘
139 1236 339 1314 ssoodoo,
362 1231 468 1300 hiatus
493 1229 552 1299 erit
573 1245 651 1325 post
672 1229 826 1305 antinum,
854 1244 891 1296 ut
913 1227 1036 1325 aliquid
1056 1228 1143 1300 exci.
1253 1296 1256 1311 ἱ

140 1335 228 1404 disse
252 1335 439 1432 suspiceris,
463 1361 511 1404 ex.
526 1362 574 1429 gr.
595 1333 651 1418 mi,
674 1332 737 1401 nisi
760 1333 883 1404 hiatum
905 1349 1042 1420 statuas,
1064 1358 1143 1431 qua-

55 1506 57 1515 .
136 1438 178 1510 lis
202 1455 252 1508 est
272 1437 456 1509 Periboeae
478 1439 517 1509 fr.
539 1448 576 1515 9:
615 1437 832 1522 „Bellourum
854 1439 1062 1533 desererem
1083 1441 1143 1509 ad-

139 1551 248 1614 re'ntus
269 1568 311 1613 ue
331 1550 428 1612 tetre't
449 1544 555 1613 locas‘
589 1540 642 1612 Cf.
664 1566 741 1637 pag.
756 1532 810 1619 99.
836 1551 911 1616 110.
939 1541 1145 1639 Praestiteris

139 1665 251 1719 tamen
273 1664 319 1716 aa
340 1646 463 1715 metiri:
486 1653 659 1718 „eodum
1043 1714 1059 1738 ι,

227 1751 358 1822 Locum
381 1750 487 1820 versui
509 1748 746 1845 assignavimus
775 1749 854 1820 satis
883 1747 1001 1845 opinor
1022 1758 1144 1848 aptum.

139 1857 292 1927 Possunt
319 1870 431 1924 tamen
459 1848 556 1924 etiam
583 1853 719 1949 Pyladis
747 1853 800 1924 vel
826 1853 1017 1950 Iphigeniae
1045 1856 1146 1926 verba

98 2054 101 2059 1
142 1987 216 2032 esse
245 1959 401 2030 Orestem
431 1958 689 2044 consolantium,
718 1959 986 2055 monentiumque
1014 1986 1056 2029 ne
1088 1959 1144 2030 de·

140 2083 260 2164 speret.
312 2063 502 2134 Subiectum
532 2064 749 2149 desideratum
782 2064 817 2134 in
841 2064 912 2136 ‘hoe
941 2064 1040 2158 igitur
1067 2091 1145 2162 sup·

140 2171 263 2269 plendo
286 2170 479 2261 (oraculum
500 2170 686 2264 Apollrms)
709 2169 860 2269 hariolati
883 2178 1012 2241 sumus.

327 2493 496 2591 XXXIV.
546 2488 683 2587 (Both.
708 2490 848 2567 Dulor.
869 2491 956 2597 14)

230 2708 360 2781 Nomits
393 2734 427 2803 p.
458 2709 534 2782 tat.
562 2706 686 2776 Mero:
737 2759 757 2791 ‚,
769 2707 935 2779 Vanitedo
967 2732 1028 2806 pro
1056 2708 1146 2779 vani-

143 2828 220 2882 tate.
240 2854 286 2869 -
302 2854 347 2868 -
368 2810 532 2882 Pacuvius
547 2809 741 2882 Duloreste:
763 2810 808 2867 -’-
830 2812 981 2883 Primum
1001 2815 1064 2884 toc
1085 2815 1147 2883 abs

141 2927 175 2988 te
197 2942 270 2995 oro,
299 2917 396 2986 mutis
425 2916 663 2987 ztexoratilem
683 2915 813 2995 Fascis,
843 2916 882 2988 m’
902 2919 1075 3012 torpescis,
1093 2942 1148 2989 re·

140 3021 287 3092 :titudine
309 3034 452 3094 aetatem
472 3032 601 3092 tuam.“

230 3178 307 3245 oro]
327 3185 391 3252 pro
412 3158 489 3234 Par.
531 3221 534 3228 .

228 3266 344 3348 nume]
366 3263 469 3334 ramis
490 3264 578 3341 lens.
599 3262 677 3334 Par.
699 3288 741 3336 ne
761 3262 811 3333 mi
828 3261 921 3333 Delr.
944 3265 1058 3351 tacite,
1087 3264 1149 3337 sed

143 3398 214 3470 quo
232 3398 333 3445 sensu
355 3396 424 3439 non
446 3368 553 3449 video.

229 3477 267 3545 ni
284 3473 467 3569 torpescis]
490 3473 687 3567 rittwpassz‘s
709 3476 795 3545 lens.
817 3471 892 3547 Par.
921 3472 961 3543 ni
985 3473 1149 3567 impossis

140 3580 213 3651 Iun.
236 3579 351 3675 Steph.
372 3605 412 3651 ne
433 3579 597 3669 tnrpossis
620 3577 713 3648 Delr.
736 3595 769 3649 et
790 3578 866 3648 Ald.
882 3603 942 3674 ap.
966 3577 1068 3649 Voss.
1089 3569 1091 3573 ’

230 3684 373 3755 Vossius
402 3685 438 3754 in
462 3681 740 3779 castigationibus
763 3711 796 3780 p.
820 3692 878 3761 90:
922 3680 1035 3769 „Poto
1071 3681 1148 3752 scri-

141 3808 253 3888 pserat
273 3790 457 3860 Pacuvium

230 3896 274 3966 P.
296 3897 328 3965 t.
351 3896 411 3964 abs
433 3896 491 3964 ted
511 3916 569 3963 oro
590 3916 632 3964 ne
653 3903 686 3963 te
706 3891 803 3962 nimis
826 3889 1063 3962 inexorabilem

230 3999 360 4087 Feark,
381 4024 443 4072 neu
463 4011 488 4071 t.
510 4009 572 4069 cet.

793 4109 854 4182 ἢ,
