<?xml version="1.0" encoding="UTF-8"?>
<!DOCTYPE html PUBLIC "-//W3C//DTD XHTML 1.0 Transitional//EN"
    "http://www.w3.org/TR/xhtml1/DTD/xhtml1-transitional.dtd">
<html xmlns="http://www.w3.org/1999/xhtml" xml:lang="en" lang="en">
 <head>
  <title>
</title>
<meta http-equiv="Content-Type" content="text/html;charset=utf-8" />
  <meta name='ocr-system' content='tesseract 3.04.00' />
  <meta name='ocr-capabilities' content='ocr_page ocr_carea ocr_par ocr_line ocrx_word'/>
</head>
<body>
  <div class='ocr_page' id='page_1' title='image "./demracuviidulor00stiegoog_0033.png"; bbox 0 0 2566 4432; ppageno 0'>
   <div class='ocr_carea' id='block_1_1' title="bbox 656 253 704 329">
    <p class='ocr_par' dir='ltr' id='par_1_1' title="bbox 656 253 704 329">
     <span class='ocr_line' id='line_1_1' title="bbox 656 253 704 329; baseline -0.021 0"><span class='ocrx_word' id='word_1_1' title='bbox 656 253 704 329; x_wconf 77' lang='lat' dir='ltr'><strong>ll</strong></span> 
     </span>
    </p>
   </div>
   <div class='ocr_carea' id='block_1_2' title="bbox 93 425 1276 2363">
    <p class='ocr_par' dir='ltr' id='par_1_2' title="bbox 93 425 1276 2363">
     <span class='ocr_line' id='line_1_2' title="bbox 182 425 1183 530; baseline -0.011 -17"><span class='ocrx_word' id='word_1_2' title='bbox 182 435 301 514; x_wconf 91' lang='lat' dir='ltr'><strong>altera</strong></span> <span class='ocrx_word' id='word_1_3' title='bbox 324 434 458 510; x_wconf 89' lang='lat' dir='ltr'><strong>minus</strong></span> <span class='ocrx_word' id='word_1_4' title='bbox 476 435 721 511; x_wconf 88' lang='lat' dir='ltr'><strong>Graecorum</strong></span> <span class='ocrx_word' id='word_1_5' title='bbox 747 425 934 530; x_wconf 86' lang='lat' dir='ltr'><strong>exemplis</strong></span> <span class='ocrx_word' id='word_1_6' title='bbox 951 446 1183 503; x_wconf 86' lang='lat' dir='ltr'><strong>accommo-</strong></span> 
     </span>
     <span class='ocr_line' id='line_1_3' title="bbox 182 544 1183 646; baseline -0.01 -18"><span class='ocrx_word' id='word_1_7' title='bbox 182 550 287 637; x_wconf 79' lang='lat' dir='ltr'><strong>data3</strong></span> <span class='ocrx_word' id='word_1_8' title='bbox 312 549 456 627; x_wconf 87' lang='lat' dir='ltr'><strong>etenim</strong></span> <span class='ocrx_word' id='word_1_9' title='bbox 483 549 622 627; x_wconf 88' lang='lat' dir='ltr'><strong>Cicero</strong></span> <span class='ocrx_word' id='word_1_10' title='bbox 639 544 698 646; x_wconf 78' lang='grc'><strong>36)</strong></span> <span class='ocrx_word' id='word_1_11' title='bbox 722 546 889 622; x_wconf 88' lang='lat' dir='ltr'><strong>alterum</strong></span> <span class='ocrx_word' id='word_1_12' title='bbox 906 564 1030 640; x_wconf 82' lang='lat' dir='ltr'><strong>genus</strong></span> <span class='ocrx_word' id='word_1_13' title='bbox 1047 552 1183 618; x_wconf 86' lang='lat' dir='ltr'><strong>narrat</strong></span> 
     </span>
     <span class='ocr_line' id='line_1_4' title="bbox 181 654 1276 765; baseline -0.016 -21"><span class='ocrx_word' id='word_1_14' title='bbox 181 668 237 744; x_wconf 85' lang='lat' dir='ltr'><strong>ad</strong></span> <span class='ocrx_word' id='word_1_15' title='bbox 269 664 416 742; x_wconf 68' lang='lat' dir='ltr'><strong>cubum</strong></span> <span class='ocrx_word' id='word_1_16' title='bbox 450 664 614 741; x_wconf 86' lang='lat' dir='ltr'><strong>Graecos</strong></span> <span class='ocrx_word' id='word_1_17' title='bbox 644 660 878 765; x_wconf 75' lang='lat' dir='ltr'><strong>expressisse,</strong></span> <span class='ocrx_word' id='word_1_18' title='bbox 912 654 1022 734; x_wconf 87' lang='lat' dir='ltr'><strong>alteri</strong></span> <span class='ocrx_word' id='word_1_19' title='bbox 1050 654 1180 733; x_wconf 71' lang='lat' dir='ltr'><strong>adnu—</strong></span> <span class='ocrx_word' id='word_1_20' title='bbox 1272 708 1276 727; x_wconf 78' lang='grc'><strong>.</strong></span> 
     </span>
     <span class='ocr_line' id='line_1_5' title="bbox 180 774 1181 878; baseline -0.002 -24"><span class='ocrx_word' id='word_1_21' title='bbox 180 791 307 856; x_wconf 87' lang='lat' dir='ltr'><strong>merat</strong></span> <span class='ocrx_word' id='word_1_22' title='bbox 332 803 395 855; x_wconf 92' lang='lat' dir='ltr'><strong>eas</strong></span> <span class='ocrx_word' id='word_1_23' title='bbox 418 776 582 866; x_wconf 85' lang='lat' dir='ltr'><strong>fabulas,</strong></span> <span class='ocrx_word' id='word_1_24' title='bbox 605 776 648 852; x_wconf 93' lang='lat' dir='ltr'><strong>in</strong></span> <span class='ocrx_word' id='word_1_25' title='bbox 674 776 820 878; x_wconf 93' lang='lat' dir='ltr'><strong>quibus</strong></span> <span class='ocrx_word' id='word_1_26' title='bbox 844 797 929 849; x_wconf 93' lang='lat' dir='ltr'><strong>non</strong></span> <span class='ocrx_word' id='word_1_27' title='bbox 954 776 1083 865; x_wconf 86' lang='lat' dir='ltr'><strong>verba,</strong></span> <span class='ocrx_word' id='word_1_28' title='bbox 1106 774 1181 853; x_wconf 90' lang='lat' dir='ltr'><strong>sed</strong></span> 
     </span>
     <span class='ocr_line' id='line_1_6' title="bbox 179 889 1180 993; baseline -0.003 -23"><span class='ocrx_word' id='word_1_29' title='bbox 179 895 262 970; x_wconf 83' lang='lat' dir='ltr'><strong>vim</strong></span> <span class='ocrx_word' id='word_1_30' title='bbox 282 898 528 971; x_wconf 83' lang='lat' dir='ltr'><strong>Graecorum</strong></span> <span class='ocrx_word' id='word_1_31' title='bbox 546 890 801 993; x_wconf 87' lang='lat' dir='ltr'><strong>expresserint</strong></span> <span class='ocrx_word' id='word_1_32' title='bbox 811 891 985 969; x_wconf 88' lang='lat' dir='ltr'><strong>Romani</strong></span> <span class='ocrx_word' id='word_1_33' title='bbox 1003 889 1081 989; x_wconf 84' lang='grc'><strong>37);</strong></span> <span class='ocrx_word' id='word_1_34' title='bbox 1104 914 1180 993; x_wconf 92' lang='lat' dir='ltr'><strong>po·</strong></span> 
     </span>
     <span class='ocr_line' id='line_1_7' title="bbox 180 996 1181 1107; baseline -0.002 -23"><span class='ocrx_word' id='word_1_35' title='bbox 180 1020 329 1086; x_wconf 90' lang='lat' dir='ltr'><strong>stremo</strong></span> <span class='ocrx_word' id='word_1_36' title='bbox 363 1034 385 1084; x_wconf 90' lang='lat' dir='ltr'><strong>a</strong></span> <span class='ocrx_word' id='word_1_37' title='bbox 419 1008 579 1085; x_wconf 84' lang='lat' dir='ltr'><strong>Graecis</strong></span> <span class='ocrx_word' id='word_1_38' title='bbox 609 1006 774 1083; x_wconf 90' lang='lat' dir='ltr'><strong>Horatio</strong></span> <span class='ocrx_word' id='word_1_39' title='bbox 804 1020 900 1083; x_wconf 89' lang='lat' dir='ltr'><strong>teste</strong></span> <span class='ocrx_word' id='word_1_40' title='bbox 927 1029 1093 1107; x_wconf 91' lang='lat' dir='ltr'><strong>prorsus</strong></span> <span class='ocrx_word' id='word_1_41' title='bbox 1117 996 1181 1082; x_wconf 86' lang='lat' dir='ltr'><strong>re·</strong></span> 
     </span>
     <span class='ocr_line' id='line_1_8' title="bbox 180 1123 1180 1225; baseline -0.002 -27"><span class='ocrx_word' id='word_1_42' title='bbox 180 1128 382 1225; x_wconf 83' lang='lat' dir='ltr'><strong>cesserunt</strong></span> <span class='ocrx_word' id='word_1_43' title='bbox 405 1123 614 1224; x_wconf 73' lang='lat' dir='ltr'><strong>scriptores</strong></span> <span class='ocrx_word' id='word_1_44' title='bbox 641 1133 967 1223; x_wconf 75' lang='lat' dir='ltr'><strong>praeteritotorum</strong></span> <span class='ocrx_word' id='word_1_45' title='bbox 1001 1133 1040 1196; x_wconf 98' lang='lat' dir='ltr'><strong>et</strong></span> <span class='ocrx_word' id='word_1_46' title='bbox 1068 1133 1180 1219; x_wconf 84' lang='lat' dir='ltr'><strong>toga·</strong></span> 
     </span>
     <span class='ocr_line' id='line_1_9' title="bbox 178 1232 1180 1339; baseline -0.004 -26"><span class='ocrx_word' id='word_1_47' title='bbox 178 1250 309 1313; x_wconf 90' lang='lat' dir='ltr'><strong>tarum</strong></span> <span class='ocrx_word' id='word_1_48' title='bbox 328 1238 416 1335; x_wconf 79' lang='grc'><strong>138).</strong></span> <span class='ocrx_word' id='word_1_49' title='bbox 487 1237 705 1313; x_wconf 91' lang='lat' dir='ltr'><strong>Pacuvium</strong></span> <span class='ocrx_word' id='word_1_50' title='bbox 742 1253 907 1339; x_wconf 83' lang='lat' dir='ltr'><strong>quoque</strong></span> <span class='ocrx_word' id='word_1_51' title='bbox 947 1232 1180 1310; x_wconf 84' lang='lat' dir='ltr'><strong>liberiorem</strong></span> 
     </span>
     <span class='ocr_line' id='line_1_10' title="bbox 178 1345 1181 1451; baseline -0.003 -25"><span class='ocrx_word' id='word_1_52' title='bbox 178 1350 288 1426; x_wconf 93' lang='lat' dir='ltr'><strong>illam</strong></span> <span class='ocrx_word' id='word_1_53' title='bbox 319 1351 516 1427; x_wconf 89' lang='lat' dir='ltr'><strong>rationem</strong></span> <span class='ocrx_word' id='word_1_54' title='bbox 573 1364 612 1426; x_wconf 90' lang='lat' dir='ltr'><strong>et</strong></span> <span class='ocrx_word' id='word_1_55' title='bbox 636 1350 684 1425; x_wconf 89' lang='lat' dir='ltr'><strong>ab</strong></span> <span class='ocrx_word' id='word_1_56' title='bbox 708 1351 833 1451; x_wconf 91' lang='lat' dir='ltr'><strong>ipsius</strong></span> <span class='ocrx_word' id='word_1_57' title='bbox 856 1349 1019 1446; x_wconf 85' lang='lat' dir='ltr'><strong>ingenio</strong></span> <span class='ocrx_word' id='word_1_58' title='bbox 1043 1345 1181 1450; x_wconf 85' lang='lat' dir='ltr'><strong>prose-</strong></span> 
     </span>
     <span class='ocr_line' id='line_1_11' title="bbox 179 1463 1179 1563; baseline 0 -24"><span class='ocrx_word' id='word_1_59' title='bbox 179 1477 282 1540; x_wconf 91' lang='lat' dir='ltr'><strong>ctam</strong></span> <span class='ocrx_word' id='word_1_60' title='bbox 307 1478 489 1540; x_wconf 91' lang='lat' dir='ltr'><strong>secutum</strong></span> <span class='ocrx_word' id='word_1_61' title='bbox 515 1487 597 1539; x_wconf 91' lang='lat' dir='ltr'><strong>esse</strong></span> <span class='ocrx_word' id='word_1_62' title='bbox 623 1464 742 1539; x_wconf 91' lang='lat' dir='ltr'><strong>docet</strong></span> <span class='ocrx_word' id='word_1_63' title='bbox 763 1463 1003 1552; x_wconf 87' lang='lat' dir='ltr'><strong>Dulorestes,</strong></span> <span class='ocrx_word' id='word_1_64' title='bbox 1027 1463 1070 1539; x_wconf 93' lang='lat' dir='ltr'><strong>in</strong></span> <span class='ocrx_word' id='word_1_65' title='bbox 1092 1486 1179 1563; x_wconf 92' lang='lat' dir='ltr'><strong>quo</strong></span> 
     </span>
     <span class='ocr_line' id='line_1_12' title="bbox 179 1576 1179 1679; baseline -0.002 -26.022"><span class='ocrx_word' id='word_1_66' title='bbox 179 1576 359 1679; x_wconf 84' lang='lat' dir='ltr'><strong>quamvis</strong></span> <span class='ocrx_word' id='word_1_67' title='bbox 385 1577 554 1653; x_wconf 89' lang='lat' dir='ltr'><strong>eandem</strong></span> <span class='ocrx_word' id='word_1_68' title='bbox 578 1578 784 1654; x_wconf 77' lang='lat' dir='ltr'><strong>materiem</strong></span> <span class='ocrx_word' id='word_1_69' title='bbox 808 1578 1027 1655; x_wconf 76' lang='lat' dir='ltr'><strong>tractaverit</strong></span> <span class='ocrx_word' id='word_1_70' title='bbox 1054 1600 1179 1678; x_wconf 90' lang='lat' dir='ltr'><strong>quam</strong></span> 
     </span>
     <span class='ocr_line' id='line_1_13' title="bbox 177 1686 1199 1793; baseline -0.004 -23"><span class='ocrx_word' id='word_1_71' title='bbox 177 1692 389 1793; x_wconf 83' lang='lat' dir='ltr'><strong>Euripides</strong></span> <span class='ocrx_word' id='word_1_72' title='bbox 426 1693 469 1766; x_wconf 91' lang='lat' dir='ltr'><strong>in</strong></span> <span class='ocrx_word' id='word_1_73' title='bbox 502 1692 705 1793; x_wconf 83' lang='lat' dir='ltr'><strong>Iphigenia</strong></span> <span class='ocrx_word' id='word_1_74' title='bbox 738 1694 903 1773; x_wconf 83' lang='lat' dir='ltr'><strong>Taurica</strong></span> <span class='ocrx_word' id='word_1_75' title='bbox 928 1694 1004 1792; x_wconf 81' lang='grc'><strong>39),</strong></span> <span class='ocrx_word' id='word_1_76' title='bbox 1041 1686 1199 1768; x_wconf 87' lang='lat' dir='ltr'><strong>tamen</strong></span> 
     </span>
     <span class='ocr_line' id='line_1_14' title="bbox 176 1796 1256 1909; baseline -0.004 -26"><span class='ocrx_word' id='word_1_77' title='bbox 176 1806 365 1909; x_wconf 90' lang='lat' dir='ltr'><strong>peculiari</strong></span> <span class='ocrx_word' id='word_1_78' title='bbox 402 1809 556 1883; x_wconf 89' lang='lat' dir='ltr'><strong>ratione</strong></span> <span class='ocrx_word' id='word_1_79' title='bbox 597 1806 763 1881; x_wconf 89' lang='lat' dir='ltr'><strong>absolvit</strong></span> <span class='ocrx_word' id='word_1_80' title='bbox 796 1832 882 1882; x_wconf 90' lang='lat' dir='ltr'><strong>rem</strong></span> <span class='ocrx_word' id='word_1_81' title='bbox 917 1805 1178 1908; x_wconf 85' lang='lat' dir='ltr'><strong>propositam,</strong></span> <span class='ocrx_word' id='word_1_82' title='bbox 1250 1796 1256 1809; x_wconf 76' lang='grc'><strong>’</strong></span> 
     </span>
     <span class='ocr_line' id='line_1_15' title="bbox 93 1922 1178 2023; baseline -0.001 -26"><span class='ocrx_word' id='word_1_83' title='bbox 93 2006 96 2011; x_wconf 52' lang='grc'>,</span> <span class='ocrx_word' id='word_1_84' title='bbox 177 1935 224 1997; x_wconf 92' lang='lat' dir='ltr'><strong>ut</strong></span> <span class='ocrx_word' id='word_1_85' title='bbox 254 1945 406 1996; x_wconf 88' lang='lat' dir='ltr'><strong>novum</strong></span> <span class='ocrx_word' id='word_1_86' title='bbox 440 1945 597 1996; x_wconf 87' lang='lat' dir='ltr'><strong>carmen</strong></span> <span class='ocrx_word' id='word_1_87' title='bbox 625 1946 719 1995; x_wconf 92' lang='lat' dir='ltr'><strong>eum</strong></span> <span class='ocrx_word' id='word_1_88' title='bbox 745 1922 1017 2023; x_wconf 89' lang='lat' dir='ltr'><strong>composuisse</strong></span> <span class='ocrx_word' id='word_1_89' title='bbox 1041 1943 1178 2008; x_wconf 89' lang='lat' dir='ltr'><strong>nemo,</strong></span> 
     </span>
     <span class='ocr_line' id='line_1_16' title="bbox 178 2034 1177 2136; baseline -0.001 -25"><span class='ocrx_word' id='word_1_90' title='bbox 178 2036 247 2136; x_wconf 91' lang='lat' dir='ltr'><strong>qui</strong></span> <span class='ocrx_word' id='word_1_91' title='bbox 280 2059 367 2110; x_wconf 92' lang='lat' dir='ltr'><strong>rem</strong></span> <span class='ocrx_word' id='word_1_92' title='bbox 398 2049 643 2135; x_wconf 89' lang='lat' dir='ltr'><strong>perspectam</strong></span> <span class='ocrx_word' id='word_1_93' title='bbox 672 2035 829 2123; x_wconf 90' lang='lat' dir='ltr'><strong>habeat,</strong></span> <span class='ocrx_word' id='word_1_94' title='bbox 866 2059 1008 2134; x_wconf 83' lang='lat' dir='ltr'><strong>negare</strong></span> <span class='ocrx_word' id='word_1_95' title='bbox 1038 2034 1177 2136; x_wconf 86' lang='lat' dir='ltr'><strong>possit</strong></span> 
     </span>
     <span class='ocr_line' id='line_1_17' title="bbox 176 2147 1179 2248; baseline 0.001 -24"><span class='ocrx_word' id='word_1_96' title='bbox 176 2152 228 2224; x_wconf 91' lang='lat' dir='ltr'><strong>Et</strong></span> <span class='ocrx_word' id='word_1_97' title='bbox 251 2148 331 2224; x_wconf 92' lang='lat' dir='ltr'><strong>hoc</strong></span> <span class='ocrx_word' id='word_1_98' title='bbox 357 2160 414 2223; x_wconf 91' lang='lat' dir='ltr'><strong>est</strong></span> <span class='ocrx_word' id='word_1_99' title='bbox 439 2147 655 2235; x_wconf 88' lang='lat' dir='ltr'><strong>eiusmodi,</strong></span> <span class='ocrx_word' id='word_1_100' title='bbox 680 2160 727 2222; x_wconf 93' lang='lat' dir='ltr'><strong>ut</strong></span> <span class='ocrx_word' id='word_1_101' title='bbox 751 2148 949 2248; x_wconf 88' lang='lat' dir='ltr'><strong>aptissime</strong></span> <span class='ocrx_word' id='word_1_102' title='bbox 972 2149 1038 2225; x_wconf 93' lang='lat' dir='ltr'><strong>hic</strong></span> <span class='ocrx_word' id='word_1_103' title='bbox 1063 2147 1179 2225; x_wconf 89' lang='lat' dir='ltr'><strong>adhi-</strong></span> 
     </span>
     <span class='ocr_line' id='line_1_18' title="bbox 176 2261 866 2363; baseline 0.001 -26"><span class='ocrx_word' id='word_1_104' title='bbox 176 2262 261 2337; x_wconf 89' lang='lat' dir='ltr'><strong>beri</strong></span> <span class='ocrx_word' id='word_1_105' title='bbox 286 2262 440 2363; x_wconf 91' lang='lat' dir='ltr'><strong>possint</strong></span> <span class='ocrx_word' id='word_1_106' title='bbox 463 2261 615 2339; x_wconf 89' lang='lat' dir='ltr'><strong>Horatii</strong></span> <span class='ocrx_word' id='word_1_107' title='bbox 640 2262 759 2338; x_wconf 90' lang='lat' dir='ltr'><strong>verba</strong></span> <span class='ocrx_word' id='word_1_108' title='bbox 779 2261 866 2358; x_wconf 83' lang='lat'>⁴⁰):</span> 
     </span>
    </p>
   </div>
   <div class='ocr_carea' id='block_1_3' title="bbox 176 2395 1176 2859">
    <p class='ocr_par' dir='ltr' id='par_1_3' title="bbox 176 2395 1176 2859">
     <span class='ocr_line' id='line_1_19' title="bbox 176 2395 1152 2520; baseline 0 -31"><span class='ocrx_word' id='word_1_109' title='bbox 176 2413 276 2499; x_wconf 75' lang='lat' dir='ltr'><strong>„Ex</strong></span> <span class='ocrx_word' id='word_1_110' title='bbox 292 2415 528 2513; x_wconf 84' lang='lat' dir='ltr'><strong>notofictum</strong></span> <span class='ocrx_word' id='word_1_111' title='bbox 547 2442 699 2490; x_wconf 83' lang='lat' dir='ltr'><strong>carmen</strong></span> <span class='ocrx_word' id='word_1_112' title='bbox 715 2442 863 2520; x_wconf 83' lang='lat' dir='ltr'><strong>sequor,</strong></span> <span class='ocrx_word' id='word_1_113' title='bbox 883 2430 924 2490; x_wconf 85' lang='lat' dir='ltr'><strong>ut</strong></span> <span class='ocrx_word' id='word_1_114' title='bbox 940 2413 1016 2490; x_wconf 78' lang='lat' dir='ltr'><strong>sibi</strong></span> <span class='ocrx_word' id='word_1_115' title='bbox 1031 2395 1152 2520; x_wconf 70' lang='lat' dir='ltr'><strong>quiris</strong></span> 
     </span>
     <span class='ocr_line' id='line_1_20' title="bbox 178 2519 1166 2635; baseline 0.002 -33"><span class='ocrx_word' id='word_1_116' title='bbox 178 2528 303 2629; x_wconf 77' lang='lat' dir='ltr'><strong>Sperat</strong></span> <span class='ocrx_word' id='word_1_117' title='bbox 318 2519 435 2613; x_wconf 74' lang='lat' dir='ltr'><strong>illem,</strong></span> <span class='ocrx_word' id='word_1_118' title='bbox 459 2529 569 2603; x_wconf 84' lang='lat' dir='ltr'><strong>sudet</strong></span> <span class='ocrx_word' id='word_1_119' title='bbox 583 2529 757 2617; x_wconf 84' lang='lat' dir='ltr'><strong>multum,</strong></span> <span class='ocrx_word' id='word_1_120' title='bbox 767 2531 996 2635; x_wconf 77' lang='lat' dir='ltr'><strong>frustraque</strong></span> <span class='ocrx_word' id='word_1_121' title='bbox 1019 2526 1166 2605; x_wconf 83' lang='lat' dir='ltr'><strong>laboret</strong></span> 
     </span>
     <span class='ocr_line' id='line_1_21' title="bbox 176 2641 1176 2749; baseline 0.003 -33"><span class='ocrx_word' id='word_1_122' title='bbox 176 2641 311 2717; x_wconf 82' lang='lat' dir='ltr'><strong>Ausus</strong></span> <span class='ocrx_word' id='word_1_123' title='bbox 335 2643 453 2717; x_wconf 79' lang='lat' dir='ltr'><strong>idem:</strong></span> <span class='ocrx_word' id='word_1_124' title='bbox 477 2658 628 2719; x_wconf 84' lang='lat' dir='ltr'><strong>tuntum</strong></span> <span class='ocrx_word' id='word_1_125' title='bbox 650 2645 758 2720; x_wconf 71' lang='lat' dir='ltr'><strong>sores</strong></span> <span class='ocrx_word' id='word_1_126' title='bbox 780 2645 1028 2749; x_wconf 83' lang='lat' dir='ltr'><strong>iuncturaque</strong></span> <span class='ocrx_word' id='word_1_127' title='bbox 1045 2645 1176 2744; x_wconf 85' lang='lat' dir='ltr'><strong>pollet,</strong></span> 
     </span>
     <span class='ocr_line' id='line_1_22' title="bbox 180 2755 1135 2859; baseline 0.005 -29"><span class='ocrx_word' id='word_1_128' title='bbox 180 2755 352 2833; x_wconf 79' lang='lat' dir='ltr'><strong>Tantum</strong></span> <span class='ocrx_word' id='word_1_129' title='bbox 375 2758 569 2833; x_wconf 85' lang='lat' dir='ltr'><strong>demedio</strong></span> <span class='ocrx_word' id='word_1_130' title='bbox 593 2760 753 2859; x_wconf 76' lang='lat' dir='ltr'><strong>sumptis</strong></span> <span class='ocrx_word' id='word_1_131' title='bbox 778 2760 920 2835; x_wconf 83' lang='lat' dir='ltr'><strong>accedit</strong></span> <span class='ocrx_word' id='word_1_132' title='bbox 943 2759 1135 2835; x_wconf 82' lang='lat' dir='ltr'><strong>honort&#39;s.“</strong></span> 
     </span>
    </p>
   </div>
   <div class='ocr_carea' id='block_1_4' title="bbox 254 2958 1178 3044">
    <p class='ocr_par' dir='ltr' id='par_1_4' title="bbox 254 2958 1178 3044">
     <span class='ocr_line' id='line_1_23' title="bbox 254 2958 1178 3044; baseline 0.002 -25"><span class='ocrx_word' id='word_1_133' title='bbox 254 2958 315 3037; x_wconf 87' lang='grc'><strong>36)</strong></span> <span class='ocrx_word' id='word_1_134' title='bbox 354 2959 418 3020; x_wconf 82' lang='lat' dir='ltr'><strong>Fin.</strong></span> <span class='ocrx_word' id='word_1_135' title='bbox 438 2961 461 3037; x_wconf 88' lang='lat' dir='ltr'><strong>l,</strong></span> <span class='ocrx_word' id='word_1_136' title='bbox 481 2961 509 3020; x_wconf 71' lang='lat'><em>2</em></span> <span class='ocrx_word' id='word_1_137' title='bbox 528 2959 597 3024; x_wconf 82' lang='lat' dir='ltr'><strong>ibid.</strong></span> <span class='ocrx_word' id='word_1_138' title='bbox 616 2981 677 3042; x_wconf 88' lang='lat' dir='ltr'><strong>cap.</strong></span> <span class='ocrx_word' id='word_1_139' title='bbox 696 2963 725 3022; x_wconf 83' lang='lat'><strong>3.</strong></span> <span class='ocrx_word' id='word_1_140' title='bbox 745 2961 782 3022; x_wconf 83' lang='lat' dir='ltr'><strong>cf.</strong></span> <span class='ocrx_word' id='word_1_141' title='bbox 801 2962 905 3023; x_wconf 85' lang='lat' dir='ltr'><strong>Horat.</strong></span> <span class='ocrx_word' id='word_1_142' title='bbox 925 2981 972 3044; x_wconf 89' lang='lat' dir='ltr'><strong>ep.</strong></span> <span class='ocrx_word' id='word_1_143' title='bbox 991 2962 1036 3038; x_wconf 83' lang='grc' dir='ltr'><strong>ΙΙ,</strong></span> <span class='ocrx_word' id='word_1_144' title='bbox 1055 2961 1178 3038; x_wconf 77' lang='lat'>1,164=</span> 
     </span>
    </p>
   </div>
   <div class='ocr_carea' id='block_1_5' title="bbox 174 3053 1178 3233">
    <p class='ocr_par' dir='ltr' id='par_1_5' title="bbox 174 3053 1178 3233">
     <span class='ocr_line' id='line_1_24' title="bbox 174 3053 1178 3140; baseline 0.003 -26"><span class='ocrx_word' id='word_1_145' title='bbox 174 3053 339 3132; x_wconf 79' lang='lat' dir='ltr'><strong>„Tentavit</strong></span> <span class='ocrx_word' id='word_1_146' title='bbox 363 3076 479 3136; x_wconf 87' lang='lat' dir='ltr'><strong>quoque</strong></span> <span class='ocrx_word' id='word_1_147' title='bbox 503 3077 565 3116; x_wconf 88' lang='lat' dir='ltr'><strong>rem</strong></span> <span class='ocrx_word' id='word_1_148' title='bbox 590 3054 676 3139; x_wconf 85' lang='lat' dir='ltr'><strong>digne</strong></span> <span class='ocrx_word' id='word_1_149' title='bbox 698 3055 722 3117; x_wconf 93' lang='lat' dir='ltr'><strong>si</strong></span> <span class='ocrx_word' id='word_1_150' title='bbox 745 3070 859 3119; x_wconf 87' lang='lat' dir='ltr'><strong>vertere</strong></span> <span class='ocrx_word' id='word_1_151' title='bbox 882 3057 1002 3140; x_wconf 83' lang='lat' dir='ltr'><strong>posset“</strong></span> <span class='ocrx_word' id='word_1_152' title='bbox 1028 3054 1087 3136; x_wconf 84' lang='lat' dir='ltr'><strong>(sc.</strong></span> <span class='ocrx_word' id='word_1_153' title='bbox 1111 3055 1178 3117; x_wconf 85' lang='lat' dir='ltr'><strong>Ro-</strong></span> 
     </span>
     <span class='ocr_line' id='line_1_25' title="bbox 174 3148 874 3233; baseline 0.004 -24"><span class='ocrx_word' id='word_1_154' title='bbox 174 3148 304 3227; x_wconf 85' lang='lat' dir='ltr'><strong>manus).</strong></span> <span class='ocrx_word' id='word_1_155' title='bbox 344 3150 385 3210; x_wconf 85' lang='lat' dir='ltr'><strong>ld.</strong></span> <span class='ocrx_word' id='word_1_156' title='bbox 405 3171 452 3232; x_wconf 90' lang='lat' dir='ltr'><strong>ep.</strong></span> <span class='ocrx_word' id='word_1_157' title='bbox 471 3150 507 3211; x_wconf 82' lang='lat' dir='ltr'><strong>ad</strong></span> <span class='ocrx_word' id='word_1_158' title='bbox 526 3150 644 3211; x_wconf 86' lang='lat' dir='ltr'><strong>Pisones</strong></span> <span class='ocrx_word' id='word_1_159' title='bbox 663 3172 691 3212; x_wconf 85' lang='lat' dir='ltr'><strong>v.</strong></span> <span class='ocrx_word' id='word_1_160' title='bbox 712 3151 779 3211; x_wconf 82' lang='lat'>285.</span> <span class='ocrx_word' id='word_1_161' title='bbox 799 3174 874 3233; x_wconf 84' lang='lat' dir='ltr'><strong>sqq.:</strong></span> 
     </span>
    </p>
   </div>
   <div class='ocr_carea' id='block_1_6' title="bbox 270 3263 1052 3632">
    <p class='ocr_par' dir='ltr' id='par_1_6' title="bbox 273 3263 939 3343">
     <span class='ocr_line' id='line_1_26' title="bbox 273 3263 939 3343; baseline -0.003 -18"><span class='ocrx_word' id='word_1_162' title='bbox 273 3263 360 3340; x_wconf 80' lang='lat' dir='ltr'><strong>„Nil</strong></span> <span class='ocrx_word' id='word_1_163' title='bbox 377 3267 554 3325; x_wconf 83' lang='lat' dir='ltr'><strong>intentatum</strong></span> <span class='ocrx_word' id='word_1_164' title='bbox 573 3265 668 3325; x_wconf 77' lang='lat' dir='ltr'><strong>nostri</strong></span> <span class='ocrx_word' id='word_1_165' title='bbox 685 3267 798 3343; x_wconf 79' lang='lat' dir='ltr'><strong>liquere</strong></span> <span class='ocrx_word' id='word_1_166' title='bbox 813 3274 939 3340; x_wconf 71' lang='lat' dir='ltr'><strong>pob&#39;tae3</strong></span> 
     </span>
    </p>

    <p class='ocr_par' dir='ltr' id='par_1_7' title="bbox 270 3357 1052 3632">
     <span class='ocr_line' id='line_1_27' title="bbox 271 3357 1052 3441; baseline 0.001 -22"><span class='ocrx_word' id='word_1_167' title='bbox 271 3357 335 3419; x_wconf 88' lang='lat' dir='ltr'><strong>Nec</strong></span> <span class='ocrx_word' id='word_1_168' title='bbox 353 3361 503 3420; x_wconf 82' lang='lat' dir='ltr'><strong>minimum</strong></span> <span class='ocrx_word' id='word_1_169' title='bbox 521 3382 650 3420; x_wconf 84' lang='lat' dir='ltr'><strong>meruere</strong></span> <span class='ocrx_word' id='word_1_170' title='bbox 670 3362 770 3432; x_wconf 82' lang='lat' dir='ltr'><strong>decus,</strong></span> <span class='ocrx_word' id='word_1_171' title='bbox 792 3362 914 3441; x_wconf 53' lang='lat' dir='ltr'><strong>oestrpia</strong></span> <span class='ocrx_word' id='word_1_172' title='bbox 935 3361 1052 3423; x_wconf 82' lang='lat' dir='ltr'><strong>Graeca</strong></span> 
     </span>
     <span class='ocr_line' id='line_1_28' title="bbox 271 3453 1025 3536; baseline 0.005 -24"><span class='ocrx_word' id='word_1_173' title='bbox 271 3453 349 3513; x_wconf 83' lang='lat' dir='ltr'><strong>Ausi</strong></span> <span class='ocrx_word' id='word_1_174' title='bbox 366 3457 511 3526; x_wconf 82' lang='lat' dir='ltr'><strong>deserere,</strong></span> <span class='ocrx_word' id='word_1_175' title='bbox 532 3469 561 3515; x_wconf 87' lang='lat' dir='ltr'><strong>et</strong></span> <span class='ocrx_word' id='word_1_176' title='bbox 580 3457 729 3516; x_wconf 82' lang='lat' dir='ltr'><strong>celebrare</strong></span> <span class='ocrx_word' id='word_1_177' title='bbox 749 3458 909 3518; x_wconf 83' lang='lat' dir='ltr'><strong>domestica</strong></span> <span class='ocrx_word' id='word_1_178' title='bbox 918 3460 1025 3536; x_wconf 83' lang='lat' dir='ltr'><strong>facta,</strong></span> 
     </span>
     <span class='ocr_line' id='line_1_29' title="bbox 270 3550 1052 3632; baseline 0.004 -23"><span class='ocrx_word' id='word_1_179' title='bbox 270 3550 300 3609; x_wconf 85' lang='lat' dir='ltr'><em>V</em></span> <span class='ocrx_word' id='word_1_180' title='bbox 297 3551 329 3610; x_wconf 83' lang='lat' dir='ltr'><strong>el</strong></span> <span class='ocrx_word' id='word_1_181' title='bbox 346 3551 400 3627; x_wconf 80' lang='lat' dir='ltr'><strong>qui</strong></span> <span class='ocrx_word' id='word_1_182' title='bbox 412 3564 605 3626; x_wconf 74' lang='lat' dir='ltr'><strong>praetextas,</strong></span> <span class='ocrx_word' id='word_1_183' title='bbox 628 3552 673 3612; x_wconf 76' lang='lat' dir='ltr'><strong>vel</strong></span> <span class='ocrx_word' id='word_1_184' title='bbox 690 3552 743 3629; x_wconf 80' lang='lat' dir='ltr'><strong>qui</strong></span> <span class='ocrx_word' id='word_1_185' title='bbox 761 3554 883 3612; x_wconf 82' lang='lat' dir='ltr'><strong>docuere</strong></span> <span class='ocrx_word' id='word_1_186' title='bbox 902 3557 1052 3632; x_wconf 74' lang='lat' dir='ltr'><strong>togatas.“</strong></span> 
     </span>
    </p>
   </div>
   <div class='ocr_carea' id='block_1_7' title="bbox 171 3661 1197 3840">
    <p class='ocr_par' dir='ltr' id='par_1_8' title="bbox 171 3661 1197 3840">
     <span class='ocr_line' id='line_1_30' title="bbox 250 3661 1197 3745; baseline 0.007 -22"><span class='ocrx_word' id='word_1_187' title='bbox 250 3663 311 3741; x_wconf 83' lang='grc'><strong>37)</strong></span> <span class='ocrx_word' id='word_1_188' title='bbox 349 3661 483 3724; x_wconf 78' lang='lat' dir='ltr'><strong>Academ.</strong></span> <span class='ocrx_word' id='word_1_189' title='bbox 509 3677 616 3745; x_wconf 84' lang='lat' dir='ltr'><strong>quaest</strong></span> <span class='ocrx_word' id='word_1_190' title='bbox 642 3668 669 3743; x_wconf 87' lang='lat'><strong>1,</strong></span> <span class='ocrx_word' id='word_1_191' title='bbox 688 3667 716 3727; x_wconf 89' lang='grc'><strong>3.</strong></span> <span class='ocrx_word' id='word_1_192' title='bbox 763 3663 806 3726; x_wconf 77' lang='lat' dir='ltr'><strong>At</strong></span> <span class='ocrx_word' id='word_1_193' title='bbox 831 3664 936 3728; x_wconf 85' lang='lat' dir='ltr'><strong>Cicero</strong></span> <span class='ocrx_word' id='word_1_194' title='bbox 963 3666 999 3728; x_wconf 89' lang='lat' dir='ltr'><strong>de</strong></span> <span class='ocrx_word' id='word_1_195' title='bbox 1019 3686 1052 3728; x_wconf 84' lang='lat' dir='ltr'><strong>re</strong></span> <span class='ocrx_word' id='word_1_196' title='bbox 1071 3666 1197 3730; x_wconf 88' lang='lat' dir='ltr'><strong>eadem.</strong></span> 
     </span>
     <span class='ocr_line' id='line_1_31' title="bbox 171 3755 797 3840; baseline 0.002 -20"><span class='ocrx_word' id='word_1_197' title='bbox 171 3755 233 3820; x_wconf 81' lang='lat' dir='ltr'><strong>aliis</strong></span> <span class='ocrx_word' id='word_1_198' title='bbox 252 3757 323 3820; x_wconf 87' lang='lat' dir='ltr'><strong>locis</strong></span> <span class='ocrx_word' id='word_1_199' title='bbox 342 3757 428 3840; x_wconf 88' lang='lat' dir='ltr'><strong>paulo</strong></span> <span class='ocrx_word' id='word_1_200' title='bbox 448 3759 532 3821; x_wconf 86' lang='lat' dir='ltr'><strong>aliter</strong></span> <span class='ocrx_word' id='word_1_201' title='bbox 551 3761 657 3823; x_wconf 88' lang='lat' dir='ltr'><strong>sentire</strong></span> <span class='ocrx_word' id='word_1_202' title='bbox 675 3760 797 3823; x_wconf 82' lang='lat' dir='ltr'><strong>videtur.</strong></span> 
     </span>
    </p>
   </div>
   <div class='ocr_carea' id='block_1_8' title="bbox 251 3872 781 3955">
    <p class='ocr_par' dir='ltr' id='par_1_9' title="bbox 251 3872 781 3955">
     <span class='ocr_line' id='line_1_32' title="bbox 251 3872 781 3955; baseline 0.004 -22"><span class='ocrx_word' id='word_1_203' title='bbox 251 3872 309 3951; x_wconf 89' lang='grc'><strong>38)</strong></span> <span class='ocrx_word' id='word_1_204' title='bbox 348 3874 451 3935; x_wconf 86' lang='lat' dir='ltr'><strong>Horat</strong></span> <span class='ocrx_word' id='word_1_205' title='bbox 468 3895 515 3955; x_wconf 88' lang='lat' dir='ltr'><strong>ep.</strong></span> <span class='ocrx_word' id='word_1_206' title='bbox 534 3874 570 3934; x_wconf 88' lang='lat' dir='ltr'><strong>ad</strong></span> <span class='ocrx_word' id='word_1_207' title='bbox 589 3874 645 3936; x_wconf 89' lang='lat' dir='ltr'><strong>Pis.</strong></span> <span class='ocrx_word' id='word_1_208' title='bbox 664 3897 692 3935; x_wconf 83' lang='lat' dir='ltr'><strong>v.</strong></span> <span class='ocrx_word' id='word_1_209' title='bbox 713 3875 781 3936; x_wconf 82' lang='lat'><strong>288.</strong></span> 
     </span>
    </p>
   </div>
   <div class='ocr_carea' id='block_1_9' title="bbox 245 3938 1048 4186">
    <p class='ocr_par' dir='ltr' id='par_1_10' title="bbox 245 3938 1048 4186">
     <span class='ocr_line' id='line_1_33' title="bbox 251 3938 1048 4068; baseline -0.003 -18"><span class='ocrx_word' id='word_1_210' title='bbox 251 3987 310 4066; x_wconf 88' lang='grc'><strong>39)</strong></span> <span class='ocrx_word' id='word_1_211' title='bbox 349 3987 423 4048; x_wconf 86' lang='lat' dir='ltr'><strong>Vide</strong></span> <span class='ocrx_word' id='word_1_212' title='bbox 442 3999 553 4068; x_wconf 85' lang='lat' dir='ltr'><strong>partem</strong></span> <span class='ocrx_word' id='word_1_213' title='bbox 572 3988 722 4051; x_wconf 86' lang='lat' dir='ltr'><strong>secundam</strong></span> <span class='ocrx_word' id='word_1_214' title='bbox 742 3987 825 4050; x_wconf 89' lang='lat' dir='ltr'><strong>huius</strong></span> <span class='ocrx_word' id='word_1_215' title='bbox 845 3988 944 4052; x_wconf 87' lang='lat' dir='ltr'><strong>libelli.</strong></span> <span class='ocrx_word' id='word_1_216' title='bbox 1043 3938 1048 3947; x_wconf 30' lang='grc' dir='ltr'>Ι</span> 
     </span>
     <span class='ocr_line' id='line_1_34' title="bbox 245 4100 753 4186; baseline 0.008 -25"><span class='ocrx_word' id='word_1_217' title='bbox 245 4101 308 4181; x_wconf 68' lang='lat' dir='ltr'><strong>AO)</strong></span> <span class='ocrx_word' id='word_1_218' title='bbox 346 4101 402 4184; x_wconf 86' lang='lat' dir='ltr'><strong>Ep.</strong></span> <span class='ocrx_word' id='word_1_219' title='bbox 421 4100 458 4163; x_wconf 85' lang='lat' dir='ltr'><strong>ad</strong></span> <span class='ocrx_word' id='word_1_220' title='bbox 478 4101 535 4165; x_wconf 89' lang='lat' dir='ltr'><strong>Pis.</strong></span> <span class='ocrx_word' id='word_1_221' title='bbox 555 4126 582 4168; x_wconf 82' lang='lat' dir='ltr'><strong>v.</strong></span> <span class='ocrx_word' id='word_1_222' title='bbox 601 4103 671 4166; x_wconf 76' lang='lat'><strong>240.</strong></span> <span class='ocrx_word' id='word_1_223' title='bbox 690 4125 753 4186; x_wconf 80' lang='lat' dir='ltr'><strong>sqq.</strong></span> 
     </span>
    </p>
   </div>
   <div class='ocr_carea' id='block_1_10' title="bbox 0 0 1288 4432">
    <p class='ocr_par' dir='ltr' id='par_1_11' title="bbox 0 0 1288 4432">
     <span class='ocr_line' id='line_1_35' title="bbox 0 0 1288 4432; baseline 0 3"><span class='ocrx_word' id='word_1_224' title='bbox 0 0 1288 4432; x_wconf 95' lang='lat' dir='ltr'><strong> </strong></span> 
     </span>
    </p>
   </div>
  </div>
 </body>
</html>
