2566 4432
610 240 660 312 95

139 418 299 499 caperata
324 405 441 499 legitur
469 405 593 474 mnata
648 401 809 499 Corrupte
837 406 951 500 plane;
980 433 1022 478 an
1052 409 1140 506 prius

136 511 197 580 luit
218 512 323 588 riola,
349 511 438 606 quod
462 536 499 578 ex
522 510 716 602 glossemate
740 511 846 605 potuit
866 512 1053 607 irrepsisse,
1077 512 1140 583 sal-

137 633 203 685 tem
227 632 258 686 et
281 616 343 684 hoc
366 631 398 683 ct
418 612 497 681 illud
519 614 642 708 respuit
663 631 816 695 metrum3
847 633 879 684 ct
907 618 985 711 qnid
1016 634 1064 688 est
1091 619 1139 686 in-

137 739 215 790 nata
236 721 350 790 frons?
396 719 503 801 [Idem
526 744 558 810 p.
584 726 657 794 119.
688 721 858 815 proponit,
887 723 1064 816 scripturae
1092 723 1140 790 in·

134 837 218 896 natu
240 849 355 892 ansam
379 823 456 893 dare
479 821 623 916 potuisse
648 824 744 891 etiam
778 825 865 894 aliud
895 827 1075 920 glossema,
1103 842 1141 895 ut

136 941 256 1022 rugata
283 928 334 997 vel
361 928 510 1007 irritata]
557 926 662 1010 Tum,
692 930 892 1024 quodpene
923 957 1054 1001 omnem
1082 929 1141 998 du·

138 1033 327 1102 bitationem
349 1031 446 1115 tollit,
468 1030 578 1100 Varro
601 1030 641 1099 L.
664 1030 703 1105 L.
727 1033 786 1103 Vl.
816 1043 868 1129 (p.
890 1040 962 1128 82.)
998 1034 1142 1104 disertim

138 1136 231 1222 dicit,
261 1138 295 1229 in
317 1135 492 1207 Duloreste
521 1135 600 1226 logi:
631 1151 789 1226 caperato
804 1142 938 1236 fronte,
969 1166 992 1209 a
1020 1163 1142 1230 caprae

123 1241 280 1333 fiontc.“

136 1385 140 1391 ·
224 1345 330 1414 Paulo
368 1344 495 1414 diversa
527 1343 610 1413 ratio
647 1362 696 1414 est
729 1343 886 1440 Scaligcri
921 1349 963 1418 ad
998 1348 1141 1418 Varrou.

136 1474 168 1543 p.
190 1453 282 1533 248„
307 1451 362 1544 qui
384 1449 446 1518 tria
468 1449 522 1517 illa
545 1448 728 1542 fragmenta
752 1452 930 1521 coniunxit:
953 1453 1091 1522 Hiccine
1111 1451 1141 1520 r's

135 1565 187 1622 est
216 1570 277 1623 etc.
307 1553 367 1647 (fr.
392 1562 465 1643 16.)
499 1554 638 1644 Amplus
661 1571 735 1637 etc.v
764 1571 810 1625 et.
834 1555 1001 1648 Cuperoto
1021 1558 1143 1652 sr'onte

137 1660 234 1748 (uam
267 1652 368 1727 Nonii
400 1658 499 1727 verba
533 1687 562 1727 v.
585 1660 739 1751 frontem
772 1658 834 1725 huc
871 1661 1035 1752 pertinere
1073 1687 1167 1730 uon

136 1762 394 1854 animadvertit);
417 1761 505 1857 quod
529 1779 565 1830 ut
587 1763 654 1833 lieri
676 1778 790 1857 posset
812 1763 908 1832 scribi
930 1766 1031 1835 voluit
1046 1791 1093 1835 vs.
1116 1777 1141 1837 l.

121 1866 275 1962 somnae.
318 1863 483 1960 Scaligcro
513 1884 545 1936 ct
573 1868 608 1936 in
637 1868 699 1935 hac
730 1867 913 1940 coniectura
941 1880 973 1939 et
995 1871 1142 1940 locorum

138 1971 376 2067 compositione
400 1971 585 2067 adstipulati
609 1989 685 2042 sunt
705 1970 864 2040 Daccrius
890 1990 921 2042 et
944 1975 1141 2066 tragicorum

140 2075 297 2154 editores,
329 2093 462 2171 excepto
485 2077 625 2162 Bothio‚
656 2077 711 2172 qui
733 2077 861 2169 singula
884 2079 1052 2173 separavit
1098 2079 1142 2149 Et

139 2179 194 2249 illa
218 2180 348 2276 quidem
364 2181 458 2252 Hice.
482 2200 514 2252 et
527 2183 637 2274 Ampl.
662 2182 843 2252 consociari
864 2210 964 2279 posse
983 2185 1055 2280 quis
1073 2210 1141 2253 cre·

140 2284 218 2354 dat?
262 2285 394 2354 Etenim
416 2287 472 2357 tali
493 2286 565 2357 loco
590 2289 671 2357 haec
696 2289 857 2356 sententia
883 2288 1068 2384 requiritur,
1097 2304 1141 2372 ut,
1215 2326 1219 2331 -

140 2415 204 2486 quo
230 2389 300 2484 quis
324 2407 420 2460 antea
441 2391 578 2484 insignis
601 2391 713 2473 luerit,
744 2392 773 2460 ei
799 2393 864 2477 iam
895 2393 1056 2461 contraria
1086 2409 1142 2460 aut

139 2493 247 2563 lacere
273 2509 329 2562 ant
357 2495 424 2590 pati
447 2495 585 2565 dicatum
626 2496 675 2563 lta
697 2495 848 2565 inversu
876 2497 949 2566 huic
978 2496 1140 2565 simillimo

142 2597 300 2667 exEnnii
324 2597 508 2670 Telamone
533 2599 654 2694 (Both.
676 2599 714 2668 fr·
737 2605 806 2694 9.),
829 2602 882 2671 cui
904 2618 1051 2672 nostrum
1075 2596 1141 2669 Co·

141 2702 253 2771 lomna
275 2701 460 2774 felicissime
485 2705 629 2774 adhibuit
651 2704 705 2792 (in
727 2703 827 2773 Ennii
850 2705 901 2775 cd.
927 2733 959 2802 p.
982 2712 1097 2797 347.):

142 2910 280 2983 Hiccr‘ne
301 2910 457 2982 Telamon
478 2876 534 2981 ille
554 2922 614 2988 est,
637 2913 735 2981 modo
758 2936 852 3006 quem
869 2909 979 3004 glon'o
1000 2911 1049 2979 ad
1067 2933 1140 2979 cae·

739 3017 805 3085 lum
826 3015 953 3094 extulit,
1065 3081 1069 3087 .

148 3120 254 3211 Quam
276 3119 529 3211 adspectabant,
559 3121 648 3190 cuius
671 3123 711 3190 ob
734 3146 771 3190 os
797 3119 898 3189 Graii
916 3145 977 3189 ora
999 3119 1140 3187 obverte-

737 3229 817 3294 bant
837 3250 909 3294 suo.

144 3426 266 3501 Noster
287 3454 399 3501 versus
422 3429 559 3500 Hicer‘ne
581 3445 641 3500 etc.
663 3430 698 3500 in
723 3427 887 3498 neminem
915 3427 1012 3497 alium
1034 3429 1140 3523 magis

144 3534 282 3632 quadrat
292 3559 389 3631 quam
402 3528 436 3603 in
447 3535 738 3627 Agamemnonem,
755 3558 775 3602 a
789 3559 982 3629 quocunque
1004 3550 1054 3603 est
1065 3559 1141 3629 pro·

144 3638 333 3724 nunciatus,
365 3655 398 3709 at
426 3666 499 3710 cum
521 3637 587 3722 his,
616 3664 698 3736 quae
726 3662 860 3706 sensum
889 3639 1078 3707 admirantis
1110 3653 1142 3706 et

146 3742 403 3814 commiserantis
432 3742 626 3838 exprimunt,
654 3768 719 3838 quo
748 3742 848 3812 modo
879 3741 1035 3836 coniungi
1064 3766 1141 3836 pos·

144 3864 221 3916 sunt
242 3846 308 3931 illa,
332 3871 414 3942 quae
438 3848 479 3916 de
502 3847 634 3916 homine
659 3873 772 3937 exoso,
792 3846 858 3915 sive
879 3846 1049 3939 Aegistho,
1071 3844 1140 3914 sive

145 3951 318 4037 Thoante,
347 3978 421 4021 cum
449 3950 497 4021 ira
527 3968 612 4022 certe
643 3968 676 4020 et
705 3967 892 4046 contemptu
914 3950 1140 4046 proferuntur?
