2566 4432
196 240 223 308 Χ,

197 391 343 493 quibus
382 415 485 493 opus
516 404 588 495 est,
626 391 844 493 fragmenta
873 391 1027 473 facilius
1055 396 1188 498 inqui·

194 523 319 600 renda
344 539 461 627 atque
485 526 763 624 cognoscenda
786 529 1030 639 praebeant.
1055 534 1186 607 Nemo

193 671 327 734 tamen
352 659 560 759 hucusque
578 659 799 760 quidquam
819 661 870 737 ad
894 662 1187 759 tragoediarum

194 805 423 888 argumenta
455 790 695 868 restituenda
734 793 877 881 attulit;
914 819 1046 896 neque
1078 794 1186 896 apud

191 923 382 999 Bothium
409 924 630 1026 quidquam
654 905 829 1002 invenies
857 941 1010 1028 praeter
1035 902 1194 1028 aliquot

192 1057 468 1133 adnotationes
485 1056 536 1133 de
553 1058 742 1160 personis,
769 1084 870 1160 quae
894 1058 1059 1136 fortasse
1077 1061 1186 1136 hunc
1247 1035 1250 1038 Ι

99 1248 102 1252 a
191 1188 392 1266 velillum
416 1215 574 1266 versum
599 1189 850 1292 protulerint;
882 1206 920 1267 at
949 1192 1095 1267 nisiex
1123 1218 1183 1268 ra-

189 1323 299 1398 tione
324 1336 650 1418 argumentorum
678 1323 965 1399 concinnantur
987 1323 1184 1422 fragmen-

188 1467 245 1542 ta,
281 1452 367 1529 fieri
405 1478 490 1528 non
521 1454 682 1554 poterit,
719 1467 765 1530 ut
800 1455 890 1530 satis
926 1457 1184 1557 perspiciatur

190 1611 331 1664 eorum
356 1586 588 1688 praestantia
614 1601 731 1686 atque
761 1586 1060 1685 magnificentia.
1108 1595 1183 1666 Ita·

190 1745 284 1821 que,
325 1744 417 1796 cum
449 1720 703 1795 vehementer
734 1736 928 1821 optarem,
965 1735 1010 1797 ut
1041 1721 1182 1824 aliquis

119 1878 121 1885 ’
189 1877 283 1929 vero
308 1853 364 1928 rei
392 1876 529 1928 amore
552 1852 733 1927 incitatus
764 1853 812 1927 iis
844 1853 1054 1929 tractandis
1087 1879 1182 1956 ope·

187 2011 272 2060 ram
293 1984 504 2070 adhiberet,
527 1985 740 2060 subnatum
759 1999 815 2059 est
833 1986 1055 2075 consilium,
1071 2011 1181 2064 meas

183 2118 309 2218 ipsius
326 2117 435 2204 vires,
453 2114 543 2190 licet
558 2113 720 2191 fortasse
738 2116 923 2191 nondum
940 2143 1052 2218 pares
1067 2133 1177 2196 tanto

188 2248 315 2351 operi,
349 2248 398 2324 ad
423 2246 611 2322 vindicias
635 2247 859 2345 tragoediae
882 2253 1088 2328 Romanae
1112 2279 1178 2355 ap·

185 2381 367 2483 plicandi,
394 2380 565 2479 eiusque·
574 2378 789 2478 fragmenta
809 2380 944 2459 denuo
963 2385 1179 2462 examinata

184 2515 236 2590 ita
263 2512 552 2613 componendi,
583 2526 630 2588 ut
654 2513 829 2614 quaesit
853 2515 1097 2613 singularum
1121 2517 1177 2592 fa-

184 2646 371 2722 bularum
396 2645 495 2722 ratio
522 2659 560 2721 et
585 2645 712 2748 qualis
732 2651 942 2747 poetarum
958 2664 1106 2738 natura,
1132 2675 1178 2726 ex
1250 2709 1261 2731 .

185 2779 279 2879 ipsis
317 2793 520 2881 appareret
556 2804 697 2854 eorum
724 2780 913 2881 ¹reliquiis
952 2783 1176 2883 rectiusque

184 2912 354 3013 perspici
380 2924 521 3014 posset.
561 2916 758 3006 Quaeres
783 2939 903 3014 quam
921 2911 1092 2989 difficilis
1117 2917 1175 3004 sit,

137 3060 146 3105 ἓ
184 3069 257 3120 nec
282 3069 348 3119 me
372 3043 487 3142 fugit,
518 3068 648 3144 neque
675 3070 917 3146 quemquam
942 3044 1079 3144 fugere
1102 3073 1175 3150 po-

182 3192 272 3262 test3
291 3178 484 3279 quoniam
500 3199 642 3273 magna
657 3202 745 3278 pars
758 3176 1071 3274 fragmentorum
1089 3204 1174 3256 non

184 3309 320 3386 addito
346 3309 502 3386 fabulae
526 3309 635 3385 unde
654 3308 883 3410 desumptae
900 3327 993 3387 sunt
1009 3313 1174 3388 nomine

184 3441 419 3530 afferuntur,
457 3442 720 3542 plurimarum
757 3441 979 3528 fabularum
1015 3445 1174 3542 exiguae

181 3577 343 3651 laciniae
382 3588 544 3661 exstant,
580 3574 690 3652 unde
726 3576 788 3651 vix
825 3600 1023 3650 summam
1061 3602 1174 3676 argu-

181 3709 305 3785 menti
332 3707 470 3784 elicias.
518 3706 622 3783 Illud
649 3707 836 3809 denique,
866 3706 976 3808 quod
1004 3710 1173 3786 omnino

180 3842 444 3918 necessarium
493 3840 594 3915 mihi
634 3840 860 3928 videbatur,
909 3855 954 3917 ut
997 3842 1173 3944 reliquiis
