2566 4432
619 181 692 293 er

280 414 285 426 ’
380 446 448 524 xr.
498 441 635 541 (ooth.
660 441 903 550 orroeos.)

234 621 348 694 Cicero
370 625 411 697 de
434 625 566 698 divinat.
587 627 612 710 Ι,
638 627 694 702 14:
739 621 882 715 „Quidt
909 623 1142 717 gubernatores

142 757 253 805 uonue
285 729 461 800 falluntur?
493 753 535 798 an
557 729 759 801 Achivorum
782 730 941 800 exercitus
961 724 1064 800 et‘tot
1085 726 1163 825 nal-'j

141 835 229 948 viuur
251 851 396 946 rectores
418 861 488 906 uon
510 836 556 905 ita
576 835 713 944 profecti
734 853 811 905 suut
831 833 965 919 abtlio,
1007 848 1010 854 ’

149 973 195 1043 Ut
211 975 416 1069 perfectione
437 977 520 1045 laeti
532 975 676 1067 piscium
697 974 868 1060 lasciviam
1156 1064 1159 1069 Ι

140 1079 359 1157 Intuerentur,
383 1095 419 1148 ut
441 1080 486 1149 ait
507 1077 687 1164 Pacuvius,
715 1104 776 1150 nec
795 1079 910 1149 tuendi
926 1077 1065 1148 satietas
1087 1103 1152 1167 ca·¹

736 1209 818 1277 pere
835 1187 974 1276 posset?

140 1289 275 1357 Interea
291 1311 399 1379 prope
420 1287 489 1355 iam
511 1289 679 1359 occubiente
699 1289 770 1359 sole
791 1289 984 1359 inhorrescit
1005 1311 1106 1366 mare,

147 1392 314 1466 Tenebrae
341 1382 629 1485 conduplicantur,
658 1393 830 1486 noctisque
859 1404 892 1461 et
919 1393 1061 1462 nimbum
1090 1417 1143 1461 oc·

739 1509 855 1567 caecat
874 1499 1027 1592 nigram

137 1637 234 1705 Idem
256 1635 296 1705 de
321 1634 414 1726 §brat
437 1636 493 1720 111,
515 1645 575 1710 39:
620 1633 715 1718 „Sed
743 1659 782 1703 eo
810 1635 977 1704 transferri
1005 1598 1143 1730 oportet,

127 1765 222 1837 ‘quae
246 1756 303 1809 aut
325 1739 493 1810 clariorem
514 1739 638 1808 faciunt
660 1765 745 1823 rem,
767 1755 804 1807 ut
824 1738 879 1806 illa
903 1739 1030 1809 omnia:

538 1879 741 1950 Inhorrescit
727 1890 862 1962 tmere,

147 1985 311 2055 Tenebrae
339 1982 621 2086 conduplicantur‚
658 1995 736 2052 noct
735 1983 827 2105 usque
859 1995 891 2052 et
917 1970 1061 2052 mathim
1088 2007 1141 2052 oc-

737 2073 853 2158 caecat
874 2088 994 2184 nigror,

137 2192 295 2263 Flamma
321 2192 407 2262 inter
432 2194 532 2263 nubes
560 2205 726 2272 coruscat,
762 2194 887 2262 coelum
918 2193 1039 2262 tonitru
1066 2215 1141 2262 con-

665 2326 666 2333 *
735 2298 855 2394 tremet,

141 2401 280 2486 Grando
317 2394 394 2472 mist
395 2427 419 2470 a
380 2401 554 2471 timbri
588 2403 672 2501 larg
662 2402 737 2495 fluo
774 2374 884 2470 subita
915 2400 1142 2493 praecipitans

738 2507 848 2576 cadet:
1028 2549 1031 2552 ·

146 2597 294 2704 Πιιᾱίᾳιιθ
321 2635 433 2680 omnes
458 2603 551 2682 renti
574 2623 757 2705 erumpunt,
786 2611 881 2680 saevi
907 2609 1127 2679 existunttur
1087 2635 1144 2678 ur-
1195 2661 1197 2667 -

368 2732 372 2743 ·
735 2715 846 2784 bincs:

137 2817 251 2888 Feroit
271 2789 366 2889 aestu
382 2794 544 2913 pelagus:

138 2956 353 3041 omniafere,
376 2982 441 3053 quo
466 2973 577 3026 essent
600 2956 753 3042 clariora,
785 2952 948 3026 translctis
971 2982 1030 3051 per
1051 2957 1139 3025 simi·

136 3061 306 3131 litudinem
326 3060 433 3130 verbis
458 3060 544 3128 dicta
567 3073 679 3129 suut.“

224 3149 408 3261 Utrumque
428 3165 536 3234 locum
555 3164 820 3259 coniungentium
836 3189 908 3235 esse
925 3179 1025 3257 patet.
1060 3161 1138 3231 Am·

135 3271 255 3364 bigitur
276 3289 387 3340 tamen
410 3269 451 3338 de
478 3266 619 3338 lectione
650 3271 774 3365 aliquot
795 3268 982 3350 verborum3
1013 3266 1073 3334 etsi
1102 3265 1142 3334 li·

135 3376 270 3446 brorum
292 3373 382 3443 nulla
403 3373 470 3442 fere
494 3374 712 3443 memorabilis
735 3373 873 3442 varietas
899 3387 1058 3442 enotatur.

151 3499 156 3575 s
224 3513 363 3582 satietas
386 3535 505 3603 capere
521 3523 660 3602 posset]
688 3512 782 3582 Haec
804 3538 878 3580 cum
900 3525 1004 3580 metro
1027 3510 1139 3580 adver-

137 3635 259 3702 sentur,
283 3616 443 3685 Gruterus
469 3615 607 3685 coniecit
627 3617 735 3687 satias
758 3639 877 3709 capere
893 3615 1022 3708 possiet
1041 3619 1139 3708 (pos-

135 3710 181 3791 sib
202 3738 253 3792 est
282 3721 317 3789 iu
343 3720 442 3815 codd.
465 3719 601 3790 Oxouu.
623 3721 664 3791 E.
687 3720 772 3812 O.)‚
801 3719 890 3818 quod
917 3719 1140 3814 recipiendum
1204 3806 1212 3815 ἱ

138 3825 228 3895 duxit
241 3824 364 3909 Davis„
388 3851 461 3894 curn
483 3825 589 3895 satias
612 3854 671 3922 pro
694 3826 848 3898 satietate
868 3824 992 3920 passim
1015 3839 1139 3893 avete-

136 3929 225 4000 ribus
247 3948 421 4024 usurpetur
455 3931 540 4024 (vid.
564 3929 708 4004 Nonium
738 3930 769 4000 h.
793 3959 822 4000 v.
851 3956 884 4024 p.
909 3936 981 4003 172.
1003 3927 1137 4017 Mero).
