<?xml version="1.0" encoding="UTF-8"?>
<!DOCTYPE html PUBLIC "-//W3C//DTD XHTML 1.0 Transitional//EN"
    "http://www.w3.org/TR/xhtml1/DTD/xhtml1-transitional.dtd">
<html xmlns="http://www.w3.org/1999/xhtml" xml:lang="en" lang="en">
 <head>
  <title>
</title>
<meta http-equiv="Content-Type" content="text/html;charset=utf-8" />
  <meta name='ocr-system' content='tesseract 3.04.00' />
  <meta name='ocr-capabilities' content='ocr_page ocr_carea ocr_par ocr_line ocrx_word'/>
</head>
<body>
  <div class='ocr_page' id='page_1' title='image "./demracuviidulor00stiegoog_0109.png"; bbox 0 0 2566 4432; ppageno 0'>
   <div class='ocr_carea' id='block_1_1' title="bbox 616 259 665 332">
    <p class='ocr_par' dir='ltr' id='par_1_1' title="bbox 616 259 665 332">
     <span class='ocr_line' id='line_1_1' title="bbox 616 259 665 332; baseline -0.082 0"><span class='ocrx_word' id='word_1_1' title='bbox 616 259 665 332; x_wconf 78' lang='lat'><strong>90</strong></span> 
     </span>
    </p>
   </div>
   <div class='ocr_carea' id='block_1_2' title="bbox 141 414 1143 624">
    <p class='ocr_par' dir='ltr' id='par_1_2' title="bbox 141 414 1143 624">
     <span class='ocr_line' id='line_1_2' title="bbox 142 414 1143 515; baseline 0.003 -26"><span class='ocrx_word' id='word_1_2' title='bbox 142 414 304 492; x_wconf 88' lang='lat' dir='ltr'><strong>Pacuvius</strong></span> <span class='ocrx_word' id='word_1_3' title='bbox 325 421 518 494; x_wconf 83' lang='lat' dir='ltr'><strong>Duloreste:</strong></span> <span class='ocrx_word' id='word_1_4' title='bbox 563 425 622 494; x_wconf 87' lang='lat' dir='ltr'><strong>Me</strong></span> <span class='ocrx_word' id='word_1_5' title='bbox 647 425 785 494; x_wconf 78' lang='lat' dir='ltr'><em>calvitur</em></span> <span class='ocrx_word' id='word_1_6' title='bbox 808 424 973 515; x_wconf 79' lang='lat' dir='ltr'><strong>suspicio:</strong></span> <span class='ocrx_word' id='word_1_7' title='bbox 1000 425 1063 493; x_wconf 78' lang='lat' dir='ltr'><strong>lior</strong></span> <span class='ocrx_word' id='word_1_8' title='bbox 1090 437 1143 492; x_wconf 85' lang='lat' dir='ltr'><strong>est</strong></span> 
     </span>
     <span class='ocr_line' id='line_1_3' title="bbox 141 526 941 624; baseline 0.006 -30"><span class='ocrx_word' id='word_1_9' title='bbox 141 526 240 605; x_wconf 83' lang='lat' dir='ltr'><strong>illud,</strong></span> <span class='ocrx_word' id='word_1_10' title='bbox 264 531 443 624; x_wconf 79' lang='lat' dir='ltr'><strong>puodsore</strong></span> <span class='ocrx_word' id='word_1_11' title='bbox 464 529 588 598; x_wconf 81' lang='lat' dir='ltr'><strong>occulte</strong></span> <span class='ocrx_word' id='word_1_12' title='bbox 615 528 715 599; x_wconf 75' lang='lat' dir='ltr'><strong>Oeax</strong></span> <span class='ocrx_word' id='word_1_13' title='bbox 731 528 941 622; x_wconf 71' lang='lat' dir='ltr'><strong>praedixit.“</strong></span> 
     </span>
    </p>
   </div>
   <div class='ocr_carea' id='block_1_3' title="bbox 138 663 1191 1698">
    <p class='ocr_par' dir='ltr' id='par_1_3' title="bbox 141 663 1142 972">
     <span class='ocr_line' id='line_1_4' title="bbox 222 663 1142 759; baseline 0.002 -26"><span class='ocrx_word' id='word_1_14' title='bbox 222 664 289 755; x_wconf 82' lang='lat' dir='ltr'><strong>Vs.</strong></span> <span class='ocrx_word' id='word_1_15' title='bbox 314 677 342 739; x_wconf 78' lang='lat'><strong>9.</strong></span> <span class='ocrx_word' id='word_1_16' title='bbox 372 667 489 752; x_wconf 67' lang='lat' dir='ltr'><strong>oeae]</strong></span> <span class='ocrx_word' id='word_1_17' title='bbox 522 666 640 737; x_wconf 72' lang='lat' dir='ltr'><strong>Caeca</strong></span> <span class='ocrx_word' id='word_1_18' title='bbox 665 670 751 737; x_wconf 87' lang='lat' dir='ltr'><strong>lens.</strong></span> <span class='ocrx_word' id='word_1_19' title='bbox 776 666 854 737; x_wconf 90' lang='lat' dir='ltr'><strong>Par.</strong></span> <span class='ocrx_word' id='word_1_20' title='bbox 883 683 915 737; x_wconf 89' lang='lat' dir='ltr'><strong>et</strong></span> <span class='ocrx_word' id='word_1_21' title='bbox 944 665 1031 759; x_wconf 90' lang='lat' dir='ltr'><strong>apud</strong></span> <span class='ocrx_word' id='word_1_22' title='bbox 1053 663 1142 735; x_wconf 88' lang='lat' dir='ltr'><strong>Vos·</strong></span> 
     </span>
     <span class='ocr_line' id='line_1_5' title="bbox 142 767 1141 867; baseline 0.006 -31"><span class='ocrx_word' id='word_1_23' title='bbox 142 768 226 838; x_wconf 90' lang='lat' dir='ltr'><strong>sium</strong></span> <span class='ocrx_word' id='word_1_24' title='bbox 248 771 384 840; x_wconf 84' lang='lat' dir='ltr'><strong>Mediol.</strong></span> <span class='ocrx_word' id='word_1_25' title='bbox 410 773 505 840; x_wconf 70' lang='lat' dir='ltr'><strong>Azita</strong></span> <span class='ocrx_word' id='word_1_26' title='bbox 526 773 595 841; x_wconf 87' lang='lat' dir='ltr'><strong>lun.</strong></span> <span class='ocrx_word' id='word_1_27' title='bbox 627 778 681 865; x_wconf 87' lang='lat' dir='ltr'><strong>(et</strong></span> <span class='ocrx_word' id='word_1_28' title='bbox 703 799 754 867; x_wconf 91' lang='lat' dir='ltr'><strong>ap.</strong></span> <span class='ocrx_word' id='word_1_29' title='bbox 777 772 880 842; x_wconf 89' lang='lat' dir='ltr'><strong>Voss.</strong></span> <span class='ocrx_word' id='word_1_30' title='bbox 903 770 997 861; x_wconf 82' lang='lat' dir='ltr'><strong>Ald.)</strong></span> <span class='ocrx_word' id='word_1_31' title='bbox 1026 767 1141 864; x_wconf 86' lang='lat' dir='ltr'><strong>Steph.</strong></span> 
     </span>
     <span class='ocr_line' id='line_1_6' title="bbox 141 871 1120 972; baseline 0.001 -31"><span class='ocrx_word' id='word_1_32' title='bbox 141 871 232 943; x_wconf 85' lang='lat' dir='ltr'><strong>Delr.</strong></span> <span class='ocrx_word' id='word_1_33' title='bbox 254 873 355 949; x_wconf 89' lang='lat' dir='ltr'><strong>Scriv.</strong></span> <span class='ocrx_word' id='word_1_34' title='bbox 399 874 463 943; x_wconf 88' lang='lat' dir='ltr'><strong>Hic</strong></span> <span class='ocrx_word' id='word_1_35' title='bbox 485 892 593 945; x_wconf 90' lang='lat' dir='ltr'><strong>tamen</strong></span> <span class='ocrx_word' id='word_1_36' title='bbox 617 878 723 946; x_wconf 82' lang='lat' dir='ltr'>addit:</span> <span class='ocrx_word' id='word_1_37' title='bbox 745 878 881 972; x_wconf 87' lang='lat' dir='ltr'><strong>„scripti</strong></span> <span class='ocrx_word' id='word_1_38' title='bbox 900 891 987 946; x_wconf 90' lang='lat' dir='ltr'><strong>recte</strong></span> <span class='ocrx_word' id='word_1_39' title='bbox 1009 874 1120 943; x_wconf 75' lang='lat' dir='ltr'><strong>Oeax.</strong></span> 
     </span>
    </p>

    <p class='ocr_par' dir='ltr' id='par_1_4' title="bbox 138 967 1191 1698">
     <span class='ocr_line' id='line_1_7' title="bbox 228 967 1144 1075; baseline -0.001 -27"><span class='ocrx_word' id='word_1_40' title='bbox 228 978 291 1049; x_wconf 89' lang='lat' dir='ltr'><strong>Vs.</strong></span> <span class='ocrx_word' id='word_1_41' title='bbox 321 988 350 1052; x_wconf 86' lang='lat'><strong>1.</strong></span> <span class='ocrx_word' id='word_1_42' title='bbox 379 967 548 1062; x_wconf 59' lang='lat' dir='ltr'><strong>rstl&#39;essc</strong></span> <span class='ocrx_word' id='word_1_43' title='bbox 575 981 665 1052; x_wconf 90' lang='lat' dir='ltr'><strong>Delr.</strong></span> <span class='ocrx_word' id='word_1_44' title='bbox 726 978 818 1052; x_wconf 86' lang='lat' dir='ltr'><strong>Idem</strong></span> <span class='ocrx_word' id='word_1_45' title='bbox 854 978 1037 1075; x_wconf 81' lang='lat' dir='ltr'>transponit</span> <span class='ocrx_word' id='word_1_46' title='bbox 1058 981 1144 1072; x_wconf 79' lang='lat' dir='ltr'><strong>sore</strong></span> 
     </span>
     <span class='ocr_line' id='line_1_8' title="bbox 141 1083 1141 1177; baseline 0.002 -27"><span class='ocrx_word' id='word_1_47' title='bbox 141 1086 242 1175; x_wconf 81' lang='lat' dir='ltr'><strong>quod,</strong></span> <span class='ocrx_word' id='word_1_48' title='bbox 272 1100 307 1152; x_wconf 86' lang='lat' dir='ltr'><strong>ut</strong></span> <span class='ocrx_word' id='word_1_49' title='bbox 329 1086 363 1152; x_wconf 92' lang='lat' dir='ltr'><strong>in</strong></span> <span class='ocrx_word' id='word_1_50' title='bbox 386 1112 466 1154; x_wconf 91' lang='lat' dir='ltr'><strong>voce</strong></span> <span class='ocrx_word' id='word_1_51' title='bbox 480 1088 566 1177; x_wconf 84' lang='lat' dir='ltr'><strong>sore</strong></span> <span class='ocrx_word' id='word_1_52' title='bbox 588 1086 706 1155; x_wconf 87' lang='lat' dir='ltr'><strong>senarii</strong></span> <span class='ocrx_word' id='word_1_53' title='bbox 728 1087 801 1155; x_wconf 90' lang='lat' dir='ltr'><strong>linis</strong></span> <span class='ocrx_word' id='word_1_54' title='bbox 825 1087 876 1155; x_wconf 87' lang='lat' dir='ltr'><strong>sit.</strong></span> <span class='ocrx_word' id='word_1_55' title='bbox 919 1084 1070 1155; x_wconf 84' lang='lat' dir='ltr'><strong>Eandem</strong></span> <span class='ocrx_word' id='word_1_56' title='bbox 1094 1083 1141 1152; x_wconf 91' lang='lat' dir='ltr'><strong>di·</strong></span> 
     </span>
     <span class='ocr_line' id='line_1_9' title="bbox 141 1186 1141 1285; baseline 0.002 -32"><span class='ocrx_word' id='word_1_57' title='bbox 141 1186 348 1259; x_wconf 90' lang='lat' dir='ltr'><strong>stinctionem</strong></span> <span class='ocrx_word' id='word_1_58' title='bbox 373 1190 500 1259; x_wconf 80' lang='lat' dir='ltr'><strong>exhibet</strong></span> <span class='ocrx_word' id='word_1_59' title='bbox 517 1188 656 1260; x_wconf 86' lang='lat' dir='ltr'><strong>Vossius</strong></span> <span class='ocrx_word' id='word_1_60' title='bbox 672 1191 707 1260; x_wconf 92' lang='lat' dir='ltr'><strong>in</strong></span> <span class='ocrx_word' id='word_1_61' title='bbox 723 1189 895 1284; x_wconf 81' lang='lat' dir='ltr'><strong>Castigatt.</strong></span> <span class='ocrx_word' id='word_1_62' title='bbox 916 1216 949 1285; x_wconf 88' lang='lat' dir='ltr'><strong>p.</strong></span> <span class='ocrx_word' id='word_1_63' title='bbox 966 1200 1031 1272; x_wconf 66' lang='lat'><strong>93„</strong></span> <span class='ocrx_word' id='word_1_64' title='bbox 1052 1186 1141 1257; x_wconf 90' lang='lat' dir='ltr'><strong>idem</strong></span> 
     </span>
     <span class='ocr_line' id='line_1_10' title="bbox 141 1291 1141 1380; baseline 0.001 -22"><span class='ocrx_word' id='word_1_65' title='bbox 141 1307 252 1361; x_wconf 89' lang='lat' dir='ltr'><strong>tamen</strong></span> <span class='ocrx_word' id='word_1_66' title='bbox 275 1293 449 1363; x_wconf 90' lang='lat' dir='ltr'><strong>lectionem</strong></span> <span class='ocrx_word' id='word_1_67' title='bbox 471 1307 521 1363; x_wconf 84' lang='lat' dir='ltr'><strong>est</strong></span> <span class='ocrx_word' id='word_1_68' title='bbox 543 1295 686 1380; x_wconf 88' lang='lat' dir='ltr'><strong>retinuit,</strong></span> <span class='ocrx_word' id='word_1_69' title='bbox 710 1296 751 1365; x_wconf 89' lang='lat' dir='ltr'><strong>de</strong></span> <span class='ocrx_word' id='word_1_70' title='bbox 775 1322 874 1364; x_wconf 88' lang='lat' dir='ltr'><strong>sensu</strong></span> <span class='ocrx_word' id='word_1_71' title='bbox 894 1295 1070 1363; x_wconf 87' lang='lat' dir='ltr'><strong>verborum</strong></span> <span class='ocrx_word' id='word_1_72' title='bbox 1092 1291 1141 1360; x_wconf 91' lang='lat' dir='ltr'><strong>ni·</strong></span> 
     </span>
     <span class='ocr_line' id='line_1_11' title="bbox 138 1392 1191 1494; baseline 0.008 -33"><span class='ocrx_word' id='word_1_73' title='bbox 138 1392 185 1462; x_wconf 91' lang='lat' dir='ltr'><strong>hil</strong></span> <span class='ocrx_word' id='word_1_74' title='bbox 214 1422 368 1475; x_wconf 89' lang='lat' dir='ltr'><strong>monens,</strong></span> <span class='ocrx_word' id='word_1_75' title='bbox 406 1399 441 1466; x_wconf 91' lang='lat' dir='ltr'><strong>in</strong></span> <span class='ocrx_word' id='word_1_76' title='bbox 470 1425 535 1494; x_wconf 92' lang='lat' dir='ltr'><strong>quo</strong></span> <span class='ocrx_word' id='word_1_77' title='bbox 563 1399 631 1468; x_wconf 92' lang='lat' dir='ltr'><strong>iure</strong></span> <span class='ocrx_word' id='word_1_78' title='bbox 662 1400 768 1468; x_wconf 82' lang='lat' dir='ltr'><strong>haesit</strong></span> <span class='ocrx_word' id='word_1_79' title='bbox 794 1399 885 1472; x_wconf 91' lang='lat' dir='ltr'><strong>Delr.</strong></span> <span class='ocrx_word' id='word_1_80' title='bbox 911 1398 1051 1493; x_wconf 89' lang='lat' dir='ltr'><strong>ideoque</strong></span> <span class='ocrx_word' id='word_1_81' title='bbox 1078 1421 1140 1489; x_wconf 88' lang='lat' dir='ltr'><strong>pro</strong></span> <span class='ocrx_word' id='word_1_82' title='bbox 1187 1462 1191 1469; x_wconf 91' lang='grc'><em>,</em></span> 
     </span>
     <span class='ocr_line' id='line_1_12' title="bbox 138 1500 1166 1596; baseline 0.012 -32"><span class='ocrx_word' id='word_1_83' title='bbox 138 1509 189 1564; x_wconf 83' lang='lat' dir='ltr'><strong>cst</strong></span> <span class='ocrx_word' id='word_1_84' title='bbox 210 1500 375 1568; x_wconf 83' lang='lat' dir='ltr'><strong>substituit</strong></span> <span class='ocrx_word' id='word_1_85' title='bbox 395 1527 476 1575; x_wconf 83' lang='lat' dir='ltr'><strong>csse.</strong></span> <span class='ocrx_word' id='word_1_86' title='bbox 521 1503 628 1571; x_wconf 89' lang='lat' dir='ltr'><strong>Aliam</strong></span> <span class='ocrx_word' id='word_1_87' title='bbox 650 1504 735 1573; x_wconf 89' lang='lat' dir='ltr'><strong>viam</strong></span> <span class='ocrx_word' id='word_1_88' title='bbox 756 1504 826 1573; x_wconf 91' lang='lat' dir='ltr'><strong>iniit</strong></span> <span class='ocrx_word' id='word_1_89' title='bbox 848 1502 1006 1587; x_wconf 86' lang='lat' dir='ltr'><strong>Bothius‚</strong></span> <span class='ocrx_word' id='word_1_90' title='bbox 1029 1502 1140 1596; x_wconf 91' lang='lat' dir='ltr'><strong>quiin</strong></span> <span class='ocrx_word' id='word_1_91' title='bbox 1164 1573 1166 1576; x_wconf 84' lang='lat'>.</span> 
     </span>
     <span class='ocr_line' id='line_1_13' title="bbox 138 1603 377 1698; baseline 0.021 -29"><span class='ocrx_word' id='word_1_92' title='bbox 138 1617 226 1670; x_wconf 83' lang='lat' dir='ltr'><strong>textu</strong></span> <span class='ocrx_word' id='word_1_93' title='bbox 249 1603 377 1698; x_wconf 86' lang='lat' dir='ltr'><strong>digerit:</strong></span> 
     </span>
    </p>
   </div>
   <div class='ocr_carea' id='block_1_4' title="bbox 538 1749 799 1832">
    <p class='ocr_par' dir='ltr' id='par_1_5' title="bbox 538 1749 799 1832">
     <span class='ocr_line' id='line_1_14' title="bbox 538 1749 799 1832; baseline 0.004 -16"><span class='ocrx_word' id='word_1_94' title='bbox 538 1791 606 1831; x_wconf 91' lang='lat'>‚,—-</span> <span class='ocrx_word' id='word_1_95' title='bbox 629 1749 687 1818; x_wconf 86' lang='lat' dir='ltr'><strong>Me</strong></span> <span class='ocrx_word' id='word_1_96' title='bbox 711 1776 739 1818; x_wconf 91' lang='lat' dir='ltr'><strong>c.</strong></span> <span class='ocrx_word' id='word_1_97' title='bbox 763 1774 799 1832; x_wconf 80' lang='lat' dir='ltr'><strong>s,</strong></span> 
     </span>
    </p>
   </div>
   <div class='ocr_carea' id='block_1_5' title="bbox 155 1846 997 1948">
    <p class='ocr_par' dir='ltr' id='par_1_6' title="bbox 155 1846 997 1948">
     <span class='ocr_line' id='line_1_15' title="bbox 155 1846 997 1948; baseline 0.01 -35"><span class='ocrx_word' id='word_1_98' title='bbox 155 1942 158 1946; x_wconf 13' lang='lat'><strong>⁴</strong></span> <span class='ocrx_word' id='word_1_99' title='bbox 226 1846 301 1917; x_wconf 91' lang='lat' dir='ltr'><strong>Hoc</strong></span> <span class='ocrx_word' id='word_1_100' title='bbox 325 1866 374 1919; x_wconf 87' lang='lat' dir='ltr'><strong>est</strong></span> <span class='ocrx_word' id='word_1_101' title='bbox 394 1850 491 1936; x_wconf 89' lang='lat' dir='ltr'><strong>illud,</strong></span> <span class='ocrx_word' id='word_1_102' title='bbox 515 1853 604 1948; x_wconf 90' lang='lat' dir='ltr'><strong>quod</strong></span> <span class='ocrx_word' id='word_1_103' title='bbox 626 1853 696 1921; x_wconf 87' lang='lat' dir='ltr'><strong>fore</strong></span> <span class='ocrx_word' id='word_1_104' title='bbox 721 1852 845 1923; x_wconf 85' lang='lat' dir='ltr'><strong>occulte</strong></span> <span class='ocrx_word' id='word_1_105' title='bbox 868 1851 914 1921; x_wconf 94' lang='grc' dir='ltr'><strong>Ο.</strong></span> <span class='ocrx_word' id='word_1_106' title='bbox 936 1863 997 1947; x_wconf 88' lang='lat' dir='ltr'><strong>p.“</strong></span> 
     </span>
    </p>
   </div>
   <div class='ocr_carea' id='block_1_6' title="bbox 58 1984 1141 2815">
    <p class='ocr_par' dir='ltr' id='par_1_7' title="bbox 58 1984 1141 2815">
     <span class='ocr_line' id='line_1_16' title="bbox 137 1984 1141 2074; baseline 0.004 -19"><span class='ocrx_word' id='word_1_107' title='bbox 137 1984 239 2055; x_wconf 84' lang='lat' dir='ltr'><strong>Addit</strong></span> <span class='ocrx_word' id='word_1_108' title='bbox 261 1987 294 2054; x_wconf 89' lang='lat' dir='ltr'><strong>in</strong></span> <span class='ocrx_word' id='word_1_109' title='bbox 317 1989 421 2058; x_wconf 86' lang='lat' dir='ltr'><strong>notis:</strong></span> <span class='ocrx_word' id='word_1_110' title='bbox 465 1987 622 2074; x_wconf 86' lang='lat' dir='ltr'><strong>„Scribas</strong></span> <span class='ocrx_word' id='word_1_111' title='bbox 644 1989 735 2061; x_wconf 85' lang='lat' dir='ltr'><strong>licet:</strong></span> <span class='ocrx_word' id='word_1_112' title='bbox 758 2035 802 2047; x_wconf 93' lang='lat'><em>-</em></span> <span class='ocrx_word' id='word_1_113' title='bbox 831 1991 913 2064; x_wconf 85' lang='lat' dir='ltr'><strong>Nisi</strong></span> <span class='ocrx_word' id='word_1_114' title='bbox 930 2017 983 2060; x_wconf 91' lang='lat' dir='ltr'><strong>me</strong></span> <span class='ocrx_word' id='word_1_115' title='bbox 1007 1989 1141 2059; x_wconf 80' lang='lat' dir='ltr'><strong>calvitur</strong></span> 
     </span>
     <span class='ocr_line' id='line_1_17' title="bbox 138 2091 1139 2189; baseline 0.001 -27"><span class='ocrx_word' id='word_1_116' title='bbox 138 2118 173 2175; x_wconf 89' lang='lat' dir='ltr'><strong>s.‚</strong></span> <span class='ocrx_word' id='word_1_117' title='bbox 195 2092 270 2160; x_wconf 91' lang='lat' dir='ltr'><strong>Hoc</strong></span> <span class='ocrx_word' id='word_1_118' title='bbox 293 2109 343 2160; x_wconf 88' lang='lat' dir='ltr'><strong>est</strong></span> <span class='ocrx_word' id='word_1_119' title='bbox 364 2091 453 2176; x_wconf 90' lang='lat' dir='ltr'><strong>illud,</strong></span> <span class='ocrx_word' id='word_1_120' title='bbox 481 2095 570 2188; x_wconf 89' lang='lat' dir='ltr'><strong>quod</strong></span> <span class='ocrx_word' id='word_1_121' title='bbox 592 2097 749 2189; x_wconf 81' lang='lat' dir='ltr'><strong>praedixit</strong></span> <span class='ocrx_word' id='word_1_122' title='bbox 771 2094 867 2165; x_wconf 86' lang='lat' dir='ltr'><strong>Oeax</strong></span> <span class='ocrx_word' id='word_1_123' title='bbox 889 2095 1015 2165; x_wconf 61' lang='lat' dir='ltr'><strong>occulte</strong></span> <span class='ocrx_word' id='word_1_124' title='bbox 1037 2092 1139 2168; x_wconf 83' lang='lat' dir='ltr'><strong>lore.“</strong></span> 
     </span>
     <span class='ocr_line' id='line_1_18' title="bbox 138 2195 1138 2294; baseline 0.006 -31"><span class='ocrx_word' id='word_1_125' title='bbox 138 2195 243 2284; x_wconf 87' lang='lat' dir='ltr'><strong>Quod</strong></span> <span class='ocrx_word' id='word_1_126' title='bbox 271 2197 354 2267; x_wconf 80' lang='lat' dir='ltr'><strong>Nisi</strong></span> <span class='ocrx_word' id='word_1_127' title='bbox 377 2197 553 2291; x_wconf 91' lang='lat' dir='ltr'><strong>supplevit,</strong></span> <span class='ocrx_word' id='word_1_128' title='bbox 582 2199 715 2270; x_wconf 88' lang='lat' dir='ltr'><strong>minime</strong></span> <span class='ocrx_word' id='word_1_129' title='bbox 745 2200 1005 2294; x_wconf 87' lang='lat' dir='ltr'><strong>improbandum.</strong></span> <span class='ocrx_word' id='word_1_130' title='bbox 1049 2199 1138 2270; x_wconf 87' lang='lat' dir='ltr'><strong>Vide</strong></span> 
     </span>
     <span class='ocr_line' id='line_1_19' title="bbox 136 2300 1139 2400; baseline 0.007 -33"><span class='ocrx_word' id='word_1_131' title='bbox 136 2317 263 2384; x_wconf 88' lang='lat' dir='ltr'><strong>tamen,</strong></span> <span class='ocrx_word' id='word_1_132' title='bbox 302 2325 344 2369; x_wconf 93' lang='lat' dir='ltr'><strong>an</strong></span> <span class='ocrx_word' id='word_1_133' title='bbox 379 2300 468 2370; x_wconf 88' lang='lat' dir='ltr'><strong>omni</strong></span> <span class='ocrx_word' id='word_1_134' title='bbox 500 2305 678 2375; x_wconf 88' lang='lat' dir='ltr'><strong>mutatione</strong></span> <span class='ocrx_word' id='word_1_135' title='bbox 714 2305 939 2400; x_wconf 86' lang='lat' dir='ltr'><strong>supersedere¹</strong></span> <span class='ocrx_word' id='word_1_136' title='bbox 959 2304 1139 2400; x_wconf 88' lang='lat' dir='ltr'><strong>possimus,</strong></span> 
     </span>
     <span class='ocr_line' id='line_1_20' title="bbox 137 2404 1137 2500; baseline 0.004 -27"><span class='ocrx_word' id='word_1_137' title='bbox 137 2404 345 2476; x_wconf 84' lang='lat' dir='ltr'><strong>distinctione</strong></span> <span class='ocrx_word' id='word_1_138' title='bbox 374 2405 483 2476; x_wconf 90' lang='lat' dir='ltr'><strong>locum</strong></span> <span class='ocrx_word' id='word_1_139' title='bbox 515 2407 674 2478; x_wconf 87' lang='lat' dir='ltr'><strong>iuvando:</strong></span> <span class='ocrx_word' id='word_1_140' title='bbox 722 2413 779 2479; x_wconf 87' lang='lat' dir='ltr'><strong>Mc</strong></span> <span class='ocrx_word' id='word_1_141' title='bbox 807 2410 944 2478; x_wconf 77' lang='lat' dir='ltr'><strong>cdlvt&#39;tur</strong></span> <span class='ocrx_word' id='word_1_142' title='bbox 971 2409 1137 2500; x_wconf 81' lang='lat' dir='ltr'><strong>suspicio?</strong></span> 
     </span>
     <span class='ocr_line' id='line_1_21' title="bbox 106 2512 1137 2606; baseline 0.001 -25"><span class='ocrx_word' id='word_1_143' title='bbox 106 2513 198 2581; x_wconf 79' lang='lat' dir='ltr'><strong>&#39;luoc</strong></span> <span class='ocrx_word' id='word_1_144' title='bbox 225 2524 276 2580; x_wconf 88' lang='lat' dir='ltr'><strong>cst</strong></span> <span class='ocrx_word' id='word_1_145' title='bbox 303 2512 387 2580; x_wconf 84' lang='lat' dir='ltr'><strong>illud</strong></span> <span class='ocrx_word' id='word_1_146' title='bbox 414 2514 594 2606; x_wconf 78' lang='lat' dir='ltr'><strong>quddsorc</strong></span> <span class='ocrx_word' id='word_1_147' title='bbox 621 2515 756 2584; x_wconf 75' lang='lat' dir='ltr'><strong>Occulta</strong></span> <span class='ocrx_word' id='word_1_148' title='bbox 783 2514 884 2582; x_wconf 75' lang='lat' dir='ltr'><strong>Ocea</strong></span> <span class='ocrx_word' id='word_1_149' title='bbox 900 2514 1072 2604; x_wconf 59' lang='lat' dir='ltr'><strong>praedicit</strong></span> <span class='ocrx_word' id='word_1_150' title='bbox 1094 2555 1137 2570; x_wconf 92' lang='lat'><em>-</em></span> 
     </span>
     <span class='ocr_line' id='line_1_22' title="bbox 137 2615 1137 2712; baseline 0.005 -28"><span class='ocrx_word' id='word_1_151' title='bbox 137 2615 292 2686; x_wconf 87' lang='lat' dir='ltr'><strong>Senarios</strong></span> <span class='ocrx_word' id='word_1_152' title='bbox 315 2617 422 2686; x_wconf 85' lang='lat' dir='ltr'><strong>faeere</strong></span> <span class='ocrx_word' id='word_1_153' title='bbox 447 2615 623 2710; x_wconf 89' lang='lat' dir='ltr'><strong>simplicius</strong></span> <span class='ocrx_word' id='word_1_154' title='bbox 646 2618 771 2712; x_wconf 83' lang='lat' dir='ltr'><strong>putavi3</strong></span> <span class='ocrx_word' id='word_1_155' title='bbox 797 2631 847 2687; x_wconf 87' lang='lat' dir='ltr'><strong>est</strong></span> <span class='ocrx_word' id='word_1_156' title='bbox 870 2635 902 2687; x_wconf 90' lang='lat' dir='ltr'><strong>et</strong></span> <span class='ocrx_word' id='word_1_157' title='bbox 922 2618 1027 2712; x_wconf 86' lang='lat' dir='ltr'><strong>prima</strong></span> <span class='ocrx_word' id='word_1_158' title='bbox 1048 2617 1137 2689; x_wconf 88' lang='lat' dir='ltr'><strong>vocis</strong></span> 
     </span>
     <span class='ocr_line' id='line_1_23' title="bbox 58 2720 886 2815; baseline 0.008 -26"><span class='ocrx_word' id='word_1_159' title='bbox 58 2741 62 2749; x_wconf 86' lang='lat'><em>·</em></span> <span class='ocrx_word' id='word_1_160' title='bbox 136 2720 219 2791; x_wconf 82' lang='lat' dir='ltr'><strong>illud</strong></span> <span class='ocrx_word' id='word_1_161' title='bbox 239 2721 362 2815; x_wconf 87' lang='lat' dir='ltr'><strong>syllaba</strong></span> <span class='ocrx_word' id='word_1_162' title='bbox 385 2720 618 2815; x_wconf 89' lang='lat' dir='ltr'><strong>corripiuntur,</strong></span> <span class='ocrx_word' id='word_1_163' title='bbox 640 2739 676 2790; x_wconf 90' lang='lat' dir='ltr'><strong>ut</strong></span> <span class='ocrx_word' id='word_1_164' title='bbox 699 2722 886 2796; x_wconf 86' lang='lat' dir='ltr'><strong>sexcenties.</strong></span> 
     </span>
    </p>
   </div>
   <div class='ocr_carea' id='block_1_7' title="bbox 377 3042 961 3173">
    <p class='ocr_par' dir='ltr' id='par_1_8' title="bbox 377 3042 961 3173">
     <span class='ocr_line' id='line_1_24' title="bbox 377 3042 961 3173; baseline -0.003 -54"><span class='ocrx_word' id='word_1_165' title='bbox 377 3046 457 3130; x_wconf 85' lang='lat' dir='ltr'><strong>XV.</strong></span> <span class='ocrx_word' id='word_1_166' title='bbox 507 3043 644 3173; x_wconf 62' lang='lat' dir='ltr'><strong>(Botlt.</strong></span> <span class='ocrx_word' id='word_1_167' title='bbox 669 3042 808 3118; x_wconf 86' lang='lat' dir='ltr'><strong>Dulor.</strong></span> <span class='ocrx_word' id='word_1_168' title='bbox 832 3043 891 3139; x_wconf 82' lang='lat'><strong>6.)</strong></span> <span class='ocrx_word' id='word_1_169' title='bbox 959 3059 961 3063; x_wconf 86' lang='grc'><strong><em>·</em></strong></span> 
     </span>
    </p>
   </div>
   <div class='ocr_carea' id='block_1_8' title="bbox 27 3235 1138 4067">
    <p class='ocr_par' dir='ltr' id='par_1_9' title="bbox 132 3235 1136 3541">
     <span class='ocr_line' id='line_1_25' title="bbox 224 3235 1135 3321; baseline -0.002 -12"><span class='ocrx_word' id='word_1_170' title='bbox 224 3241 357 3309; x_wconf 81' lang='lat' dir='ltr'><strong>Seruius</strong></span> <span class='ocrx_word' id='word_1_171' title='bbox 386 3240 421 3308; x_wconf 92' lang='lat' dir='ltr'><strong>in</strong></span> <span class='ocrx_word' id='word_1_172' title='bbox 452 3241 535 3309; x_wconf 87' lang='lat' dir='ltr'><strong>Aen.</strong></span> <span class='ocrx_word' id='word_1_173' title='bbox 560 3239 624 3321; x_wconf 86' lang='lat' dir='ltr'><strong>XI,</strong></span> <span class='ocrx_word' id='word_1_174' title='bbox 654 3247 734 3313; x_wconf 75' lang='lat'><strong>959:</strong></span> <span class='ocrx_word' id='word_1_175' title='bbox 784 3235 847 3309; x_wconf 86' lang='lat' dir='ltr'><strong>Vel</strong></span> <span class='ocrx_word' id='word_1_176' title='bbox 872 3238 1012 3308; x_wconf 82' lang='lat' dir='ltr'><strong>Pn&#39;omo</strong></span> <span class='ocrx_word' id='word_1_177' title='bbox 1040 3238 1135 3308; x_wconf 64' lang='lat' dir='ltr'><strong>nusc-</strong></span> 
     </span>
     <span class='ocr_line' id='line_1_26' title="bbox 132 3342 1136 3439; baseline -0.003 -25"><span class='ocrx_word' id='word_1_178' title='bbox 132 3346 242 3414; x_wconf 76' lang='lat' dir='ltr'><strong>tanda</strong></span> <span class='ocrx_word' id='word_1_179' title='bbox 259 3361 395 3426; x_wconf 83' lang='lat' dir='ltr'><strong>manus]</strong></span> <span class='ocrx_word' id='word_1_180' title='bbox 418 3345 506 3428; x_wconf 84' lang='lat' dir='ltr'><strong>„Est</strong></span> <span class='ocrx_word' id='word_1_181' title='bbox 528 3361 636 3413; x_wconf 90' lang='lat' dir='ltr'><strong>autem</strong></span> <span class='ocrx_word' id='word_1_182' title='bbox 651 3342 797 3427; x_wconf 87' lang='lat' dir='ltr'><strong>Pacuvii,</strong></span> <span class='ocrx_word' id='word_1_183' title='bbox 821 3344 876 3439; x_wconf 91' lang='lat' dir='ltr'><strong>qui</strong></span> <span class='ocrx_word' id='word_1_184' title='bbox 899 3342 959 3411; x_wconf 70' lang='lat' dir='ltr'><strong>aits</strong></span> <span class='ocrx_word' id='word_1_185' title='bbox 983 3343 1025 3412; x_wconf 83' lang='lat' dir='ltr'><strong>Si</strong></span> <span class='ocrx_word' id='word_1_186' title='bbox 1035 3343 1136 3412; x_wconf 84' lang='lat' dir='ltr'><strong>Prio-</strong></span> 
     </span>
     <span class='ocr_line' id='line_1_27' title="bbox 135 3449 965 3541; baseline 0.002 -25"><span class='ocrx_word' id='word_1_187' title='bbox 135 3475 206 3516; x_wconf 86' lang='lat' dir='ltr'><strong>mus</strong></span> <span class='ocrx_word' id='word_1_188' title='bbox 229 3453 375 3526; x_wconf 85' lang='lat' dir='ltr'><strong>adesset,</strong></span> <span class='ocrx_word' id='word_1_189' title='bbox 399 3462 431 3518; x_wconf 85' lang='lat' dir='ltr'><strong>ct</strong></span> <span class='ocrx_word' id='word_1_190' title='bbox 453 3449 613 3541; x_wconf 68' lang='lat' dir='ltr'><strong>tisserius</strong></span> <span class='ocrx_word' id='word_1_191' title='bbox 636 3449 965 3518; x_wconf 80' lang='lat' dir='ltr'><strong>commiseresceret.“</strong></span> 
     </span>
    </p>

    <p class='ocr_par' dir='ltr' id='par_1_10' title="bbox 27 3551 1138 4067">
     <span class='ocr_line' id='line_1_28' title="bbox 221 3551 1136 3639; baseline 0 -19"><span class='ocrx_word' id='word_1_192' title='bbox 221 3551 327 3621; x_wconf 88' lang='lat' dir='ltr'><strong>Vides</strong></span> <span class='ocrx_word' id='word_1_193' title='bbox 362 3554 543 3624; x_wconf 85' lang='lat' dir='ltr'><strong>Pacuvium</strong></span> <span class='ocrx_word' id='word_1_194' title='bbox 583 3570 749 3639; x_wconf 85' lang='lat' dir='ltr'><strong>auctorem</strong></span> <span class='ocrx_word' id='word_1_195' title='bbox 788 3552 914 3637; x_wconf 84' lang='lat' dir='ltr'><strong>afferri,</strong></span> <span class='ocrx_word' id='word_1_196' title='bbox 950 3552 1136 3622; x_wconf 87' lang='lat' dir='ltr'><strong>Dulorestis</strong></span> 
     </span>
     <span class='ocr_line' id='line_1_29' title="bbox 132 3655 1136 3728; baseline 0.003 -3"><span class='ocrx_word' id='word_1_197' title='bbox 132 3656 333 3726; x_wconf 86' lang='lat' dir='ltr'><strong>mentionem</strong></span> <span class='ocrx_word' id='word_1_198' title='bbox 367 3684 435 3726; x_wconf 93' lang='lat' dir='ltr'><strong>non</strong></span> <span class='ocrx_word' id='word_1_199' title='bbox 458 3658 537 3727; x_wconf 89' lang='lat' dir='ltr'><strong>lieri.</strong></span> <span class='ocrx_word' id='word_1_200' title='bbox 581 3655 801 3726; x_wconf 88' lang='lat' dir='ltr'><strong>Nihilominus</strong></span> <span class='ocrx_word' id='word_1_201' title='bbox 828 3674 938 3727; x_wconf 88' lang='lat' dir='ltr'><strong>tamen</strong></span> <span class='ocrx_word' id='word_1_202' title='bbox 966 3658 1009 3727; x_wconf 83' lang='lat' dir='ltr'><strong>ad</strong></span> <span class='ocrx_word' id='word_1_203' title='bbox 1031 3656 1136 3728; x_wconf 90' lang='lat' dir='ltr'><strong>Dulo-</strong></span> 
     </span>
     <span class='ocr_line' id='line_1_30' title="bbox 132 3760 1137 3844; baseline -0.003 -12"><span class='ocrx_word' id='word_1_204' title='bbox 132 3780 253 3832; x_wconf 86' lang='lat' dir='ltr'><strong>restem</strong></span> <span class='ocrx_word' id='word_1_205' title='bbox 275 3761 361 3831; x_wconf 88' lang='lat' dir='ltr'><strong>hunc</strong></span> <span class='ocrx_word' id='word_1_206' title='bbox 384 3789 515 3832; x_wconf 90' lang='lat' dir='ltr'><strong>versum</strong></span> <span class='ocrx_word' id='word_1_207' title='bbox 537 3760 656 3831; x_wconf 87' lang='lat' dir='ltr'><strong>relerre</strong></span> <span class='ocrx_word' id='word_1_208' title='bbox 680 3789 748 3832; x_wconf 90' lang='lat' dir='ltr'><strong>non</strong></span> <span class='ocrx_word' id='word_1_209' title='bbox 771 3763 884 3833; x_wconf 86' lang='lat' dir='ltr'><strong>dubito</strong></span> <span class='ocrx_word' id='word_1_210' title='bbox 915 3789 987 3831; x_wconf 89' lang='lat' dir='ltr'><strong>cum</strong></span> <span class='ocrx_word' id='word_1_211' title='bbox 1011 3760 1137 3844; x_wconf 87' lang='lat' dir='ltr'><strong>ceteris,</strong></span> 
     </span>
     <span class='ocr_line' id='line_1_31' title="bbox 135 3864 1138 3963; baseline -0.004 -26"><span class='ocrx_word' id='word_1_212' title='bbox 135 3868 251 3963; x_wconf 87' lang='lat' dir='ltr'><strong>quihus</strong></span> <span class='ocrx_word' id='word_1_213' title='bbox 274 3867 409 3962; x_wconf 87' lang='lat' dir='ltr'><strong>praeivit</strong></span> <span class='ocrx_word' id='word_1_214' title='bbox 431 3865 578 3960; x_wconf 83' lang='lat' dir='ltr'><strong>Scaliger</strong></span> <span class='ocrx_word' id='word_1_215' title='bbox 600 3866 643 3935; x_wconf 92' lang='lat' dir='ltr'><strong>ad</strong></span> <span class='ocrx_word' id='word_1_216' title='bbox 665 3866 762 3936; x_wconf 88' lang='lat' dir='ltr'><strong>Varr.</strong></span> <span class='ocrx_word' id='word_1_217' title='bbox 785 3894 840 3961; x_wconf 83' lang='lat' dir='ltr'><strong>pg.</strong></span> <span class='ocrx_word' id='word_1_218' title='bbox 856 3877 929 3943; x_wconf 82' lang='grc'><strong>181.</strong></span> <span class='ocrx_word' id='word_1_219' title='bbox 965 3864 1055 3936; x_wconf 89' lang='lat' dir='ltr'><strong>Nam</strong></span> <span class='ocrx_word' id='word_1_220' title='bbox 1077 3864 1138 3934; x_wconf 85' lang='lat' dir='ltr'><strong>etsi</strong></span> 
     </span>
     <span class='ocr_line' id='line_1_32' title="bbox 27 3966 1134 4067; baseline -0.002 -25"><span class='ocrx_word' id='word_1_221' title='bbox 27 3966 34 3990; x_wconf 75' lang='lat'>&#39;</span> <span class='ocrx_word' id='word_1_222' title='bbox 132 3973 289 4067; x_wconf 83' lang='lat' dir='ltr'><strong>Virgilius</strong></span> <span class='ocrx_word' id='word_1_223' title='bbox 316 3972 347 4044; x_wconf 83' lang='lat' dir='ltr'><strong>l..</strong></span> <span class='ocrx_word' id='word_1_224' title='bbox 365 3972 387 4042; x_wconf 89' lang='lat' dir='ltr'><strong>l.</strong></span> <span class='ocrx_word' id='word_1_225' title='bbox 418 3972 459 4042; x_wconf 87' lang='lat' dir='ltr'><strong>de</strong></span> <span class='ocrx_word' id='word_1_226' title='bbox 490 3969 625 4042; x_wconf 85' lang='lat' dir='ltr'><strong>Graecis</strong></span> <span class='ocrx_word' id='word_1_227' title='bbox 660 3971 818 4042; x_wconf 88' lang='lat' dir='ltr'><strong>universis</strong></span> <span class='ocrx_word' id='word_1_228' title='bbox 850 3971 1050 4045; x_wconf 89' lang='lat' dir='ltr'><strong>Diomedem</strong></span> <span class='ocrx_word' id='word_1_229' title='bbox 1084 3969 1134 4040; x_wconf 93' lang='lat' dir='ltr'><strong>lo·</strong></span> 
     </span>
    </p>
   </div>
   <div class='ocr_carea' id='block_1_9' title="bbox 0 0 1288 4432">
    <p class='ocr_par' dir='ltr' id='par_1_11' title="bbox 0 0 1288 4432">
     <span class='ocr_line' id='line_1_33' title="bbox 0 0 1288 4432; baseline 0 2"><span class='ocrx_word' id='word_1_230' title='bbox 0 0 1288 4432; x_wconf 95' lang='lat' dir='ltr'><strong> </strong></span> 
     </span>
    </p>
   </div>
  </div>
 </body>
</html>
