2566 4432
607 266 667 339 ,55
783 276 786 281 ’

140 438 225 512 lam
251 433 503 533 singulorum
530 433 682 511 ducum
712 450 838 513 sortes
871 436 1057 541 deinceps
1086 464 1147 517 rea

139 562 366 637 censentur,
399 549 638 639 Calchantis,
670 550 849 638 Achillis,
881 554 1148 650 Agamemno·

140 663 219 749 nis3
252 663 365 740 cuius
390 662 468 740 Pata
494 678 727 742 enarrantur
752 665 933 768 quidem,
965 669 1036 745 sed
1068 670 1148 745 sin-

138 776 243 875 gulis
258 778 437 854 versibus
454 776 753 887 alternantibus3
775 805 877 882 quae
894 806 959 858 res
976 797 1021 858 ut
1040 783 1144 884 apud

140 897 313 969 Graecos
350 892 475 968 moris
508 906 580 977 est,
619 893 671 969 ita
702 918 859 983 vereor,
897 910 944 971 ut
973 899 1146 975 Romani

139 1020 376 1107 spectatores
401 1007 491 1083 talia
519 1007 734 1084 tolerarint.
783 1010 856 1085 Hic
890 1011 1012 1107 igitur
1040 1024 1147 1112 patet

138 1121 390 1198 verissimum
429 1145 512 1197 esse
555 1120 667 1221 quod
710 1120 805 1196 dicit
842 1124 1014 1199 Naelius
1053 1125 1076 1198 l.
1115 1150 1145 1199 c.

137 1263 175 1337 p.
200 1238 298 1313 VH.:
347 1233 539 1335 „Aliquot
561 1234 641 1310 hoc
666 1250 811 1311 sonant
835 1234 1070 1334 fragmenta,
1098 1252 1146 1314 ut

84 1434 89 1440 .
136 1350 198 1426 vel
225 1353 408 1426 Orestem
434 1347 503 1424 vel
520 1348 768 1448 Iphigeniam
795 1352 907 1451 prius
931 1351 1031 1428 facta
1056 1377 1145 1427 nar-

136 1479 291 1540 rantem
321 1461 436 1538 facile
467 1485 665 1560 agnoscas.
719 1467 769 1539 Et
799 1463 965 1540 fortasse
997 1464 1144 1566 paullo,

137 1604 261 1681 quam
298 1577 405 1679 apud
442 1576 696 1678 Euripidem,
737 1579 945 1654 uberiores
981 1576 1145 1654 fuerunt

136 1694 212 1770 hae
237 1692 518 1768 narrationes.“

233 1810 344 1882 Dum
369 1808 646 1902 Agamemnon
672 1804 796 1891 abest,
826 1805 1143 1902 Clytaemnestra,

135 1920 318 2019 coniugis
343 1920 442 1996 odio
474 1919 650 2020 abrepta,
685 1917 735 1994 ad
760 1919 933 2016 Aegisthi
961 1942 1142 1995 amorem

135 2062 220 2114 sese
246 2035 426 2137 applicat,
453 2033 539 2134 qui,
571 2032 673 2107 hanc
699 2033 939 2132 praeclaram
967 2031 1140 2108 occasio-

136 2176 229 2227 nem
254 2164 363 2224 ratus
386 2161 540 2249 patrem
566 2146 781 2244 Thyestem
812 2145 1049 2233 ulciscendi,
1081 2171 1142 2222 re-

136 2266 272 2365 gimen
304 2267 561 2360 Mycenarum
600 2286 620 2336 a
660 2255 966 2357 Clytaemnestra
1005 2285 1141 2337 secum

136 2378 479 2456 communicatum
506 2375 660 2474 accipit,
694 2399 736 2450 ac
761 2376 955 2451 violenter
981 2389 1140 2450 exercet.

135 2493 255 2597 Apud
286 2489 524 2587 Aeschylum
558 2503 662 2564 certe
695 2490 825 2565 statim
858 2503 950 2590 post
982 2488 1141 2564 interfe-

136 2625 245 2685 ctum
264 2610 608 2703 Agamemnonem
633 2604 862 2703 superbiam
886 2602 1024 2705 prodit
1049 2603 1139 2701 (Ag.

137 2727 237 2800 1622
262 2720 388 2822 sqq.):

231 2917 290 2990 ’Ea
311 2914 382 2991 cair
407 2902 447 2990 di
470 2901 575 2989 ‘reida
598 2907 799 3015 χρημάτων
823 2903 1047 3017 πειράσομαι

235 3015 357 3137 ἄρχειν
381 3027 561 3104 πολιτῶν·
587 3021 646 3100 τοι
672 3014 711 3104 dl
734 3018 787 3121 μνῗ
811 3020 1017 3131 πειθάνορα

234 3140 265 3246 ζ
266 3136 355 3241 νύξιν
379 3131 539 3244 βαρείαις
563 3126 640 3215 οὔτι
664 3138 717 3234 pan*
741 3132 940 3242 σειραφόρον

232 3255 421 3359 κριθῶντα
444 3253 594 3330 arciaca·
620 3251 712 3329 ἀλλ’
735 3250 755 3328 o‘
778 3241 958 3350 doupriulc
982 3240 1102 3352 otdup

233 3364 343 3466 λιμοι
368 3357 519 3468 ξύνοικος
543 3358 751 3462 μαλθακόν
776 3365 837 3465 σφ’
860 3353 1050 3466 ἐπόψεται.

234 3564 344 3640 Talia
368 3562 440 3637 ubi
464 3559 584 3639 refert
609 3560 1018 3664 Orestes,·lphigenia
1043 3586 1138 3638 eum

135 3681 426 3779 interrumpere
451 3675 623 3754 videtur:

495 3825 518 3861 '⁵
602 3860 673 3914 an.

184 3978 270 4055 Eu:
297 3981 399 4085 ndns
423 3981 629 4082 tyrannum
654 3979 744 4055 ηόοί
764 3976 1066 4055 temerr'tddr'nem.

1242 4071 1256 4112 1
