2566 4432
676 265 733 339 'ot

204 435 294 506 sario
317 434 527 506 statuendum
550 450 656 519 esset,
684 432 880 518 Pacuvium,
908 433 1016 504 minus
1039 450 1216 530 perspecto

203 541 267 610 situ
296 540 484 634 regionum,
515 540 648 608 Tauros
673 539 808 633 Aegaeo
831 536 913 608 mari
934 539 1070 635 propius
1101 539 1216 610 admo-

203 643 306 732 visse;
343 669 542 740 quamquam
569 645 643 713 talia
673 643 828 714 Romano
860 643 1001 737 fortasse
1032 643 1216 714 condonari

192 767 344 844 posunt.

291 854 405 950 Itaque
430 853 555 923 Teucri
577 854 676 923 verba
698 853 781 923 haec
805 853 929 936 haheo,
953 878 990 922 ex
1012 851 1164 948 prologo,
1187 851 1216 922 si

203 955 295 1042 libet,
318 957 449 1026 fabulae
474 958 678 1050 cognominis
704 959 886 1055 desumpta,
910 983 975 1054 quo
997 956 1053 1031 ille
1076 957 1214 1052 explica·

203 1063 271 1148 bat,
293 1088 329 1132 se
352 1063 418 1131 iam
443 1061 548 1132 Troia
570 1064 725 1133 reducem
748 1087 947 1160 quamquam
969 1062 1091 1132 amisso
1115 1060 1214 1132 fratre

204 1167 370 1263 appulisse
400 1164 616 1252 Salaminem'3
647 1194 767 1240 navem
800 1167 969 1263 reliquisse
997 1167 1032 1237 in
1060 1192 1215 1263 aequore,

201 1271 311 1342 donec
333 1288 461 1368 patrem
485 1273 671 1342 exoraverit.

445 1597 508 1671 1x.
559 1593 697 1693 (nom
720 1574 860 1669 outor‘.
885 1593 968 1690 ao.)

296 1787 411 1860 Cicero
442 1788 518 1862 Nat.
545 1789 648 1864 Deor.
673 1793 714 1877 11,
737 1799 796 1868 36:
824 1831 897 1874 ‚,-
925 1788 1115 1888 dicaturque
1145 1805 1212 1860 tam

200 1894 317 1965 aether
345 1896 479 1980 Latine,
514 1923 612 1992 quam
640 1897 760 1965 ¹dicitur
788 1905 861 1964 atr:
897 1896 957 1965 etsi
985 1895 1213 1991 interpretatur
1272 1935 1274 1940 ·

203 1999 384 2070 Pacuvius:
414 2004 476 2071 hoc
498 2005 587 2096 quod
611 2026 772 2079 memoro,
806 2000 915 2069 nostri
933 1998 1073 2078 caelum,
1113 1999 1215 2069 Graii

200 2105 370 2196 perbibent
393 2108 543 2173 aethera.
589 2103 697 2194 Quasi
725 2130 803 2174 vero
832 2131 900 2174 non
924 2102 1043 2173 Graius
1075 2104 1139 2174 hoc
1164 2104 1210 2174 di·

201 2223 268 2276 cat.
312 2208 357 2276 At
384 2208 501 2279 Latino
532 2209 680 2307 loquitur.
708 2207 897 2304 'Siquidem
925 2233 987 2278 nos
1017 2236 1088 2279 non
1114 2210 1210 2306 quasi

204 2308 334 2380 Graece
357 2312 544 2410 loquentem
568 2315 748 2383 audiamus.
788 2314 898 2384 Docet
920 2312 1006 2382 idem
1030 2312 1094 2383 alio
1116 2312 1207 2385 loco:

203 2414 398 2510 Grot'ugena
420 2422 462 2489 de
481 2420 545 2486 isto
568 2418 677 2509 aperit
697 2419 773 2509 ipsa
796 2419 912 2488 oratio.
920 2430 941 2462 “

290 2520 344 2592 De
367 2523 474 2617 priore
502 2523 576 2591 loco
608 2523 659 2591 hic
687 2523 794 2592 dicere
825 2523 905 2592 nihil
933 2523 1057 2591 attinet.
1100 2522 1140 2591 In
1164 2522 1208 2593 al·

203 2643 275 2696 tero
300 2651 414 2695 omnes
439 2626 648 2696 offenderunt
668 2645 747 2723 post
763 2628 941 2722 Hugonem
959 2626 1111 2696 Grotium
1134 2631 1207 2724 (ap.

203 2729 307 2801 Voss.
337 2757 370 2825 p.
396 2737 507 2820 tto),
535 2731 590 2828 qui
619 2731 664 2799 ita
691 2732 853 2801 tentabat:
901 2731 1124 2826 Graiugenum
1151 2736 1211 2803 ted

203 2858 277 2922 esse
304 2833 414 2925 aperit
441 2834 517 2926 ipso
551 2836 669 2905 orotzo.
714 2836 790 2906 Hoc
818 2838 943 2932 absque
973 2837 1071 2907 dubio
1094 2865 1208 2908 verum

205 2936 283 3007 dicit
310 2937 473 3021 Vossius;
508 2939 567 3007 sed
595 2939 765 3034 Euripidei
784 2966 912 3008 ‚versus
946 2940 1121 3011 similitudo
1155 2943 1207 3013 vix

84 3070 87 3076 ·
203 3043 331 3141 patitur.
381 3043 467 3113 Post
497 3042 686 3137 Grmitgena
713 3043 951 3125 distinctionem
979 3062 1067 3115 recte
1096 3046 1207 3143 posuit

202 3148 345 3218 Bothius
379 3153 474 3240 (eam
503 3149 606 3217 codex
634 3148 733 3218 ctiam
762 3173 845 3216 unus
875 3149 1048 3242 praehet),
1091 3175 1205 3246 quam·

201 3278 302 3351 quam
336 3253 429 3324 aliter
456 3251 655 3346 intelligens:
701 3307 719 3337 ,‚
727 3252 783 3323 Sic
807 3250 946 3321 Orestes
973 3252 1037 3322 vel‹
1051 3251 1205 3348 Pylades,

201 3376 334 3450 rogatus
355 3359 446 3427 cuias
472 3357 528 3440 sit,
558 3358 644 3452 apud
668 3357 857 3428 Thoantem
886 3384 1006 3451 regem.
1052 3358 1126 3453 Ego
1157 3360 1206 3429 ni·

203 3460 250 3530 hil
270 3476 429 3532 mutem.“
474 3461 584 3531 Habet
605 3462 757 3531 nimirum
779 3462 939 3535 Bothiust
967 3464 1010 3532 de
1029 3462 1121 3534 istoc'
1136 3488 1205 3557 ap„

94 3566 99 3576 ’
203 3566 293 3635 cuius
315 3566 463 3635 lectionis
487 3582 652 3636 auctorem
674 3593 743 3636 non
765 3567 903 3663 reperio.

287 3670 373 3762 Ipsa
400 3669 492 3737 abes-t
521 3668 671 3739 aCodd.
703 3670 802 3766 Glog.
830 3671 892 3741 La.
921 3669 982 3742 Fa.
1012 3688 1045 3742 et
1071 3671 1120 3745 Μ,
1165 3672 1205 3741 Ιιι

201 3769 285 3842 cod.
307 3772 348 3841 E.
379 3789 428 3841 est
452 3771 642 3866 Graiogeno
669 3779 711 3845 de
737 3777 822 3856 isto3
851 3775 885 3844 in
914 3773 997 3847 Cod.
1022 3775 1066 3845 G.
1091 3775 1204 3870 gratit-

195 3902 301 3972 gena:
330 3879 373 3948 de
392 3879 457 3948 isto
478 3878 584 3969 opetz't
603 3879 673 3948 iam
694 3877 811 3950 oratio.
856 3876 1069 3953 cotanen
1094 3879 1139 3954 O.
1170 3897 1204 3953 ct

199 3978 277 4051 oxt.
300 4006 331 4052 o.
359 3981 428 4054 rito
453 3982 570 4054 omtto.
614 3982 784 4055 Heindorf
808 3983 908 4058 coni:
938 3982 1131 4080 Graiugena
1159 3988 1204 4057 de
