2566 4432
596 268 668 342 11⁰

132 441 215 511 Ibid.
244 440 269 525 l,
297 445 389 523 3,1ι
433 434 608 505 Enimvero
639 437 753 514 Duae,
784 434 832 504 ull
856 433 953 503 locr‘st
977 432 1136 527 segnitiae

133 571 236 648 neque
259 541 441 615 socordiae.
447 553 467 587 “
511 539 580 610 Sed
605 539 850 611 incommodum
880 536 1016 620 dixeris,
1043 537 1135 632 quod

134 640 271 725 alterum
292 673 353 742 ego
374 646 554 742 rhythmico
578 662 716 717 accentu
739 662 837 715 caret.
880 641 982 712 Cuius
1006 641 1134 734 generis

133 781 203 825 nou
237 752 361 824 desunt
390 750 551 851 exempla,
586 767 623 819 ut
650 750 787 819 Terent.
819 747 923 816 Andr.
951 747 1008 830 Ill,
1040 758 1135 830 3,1.

134 860 189 930 Si.
211 859 313 928 Iubed
339 855 551 933 Chremetem.
593 853 683 924 Clrr.
706 879 726 923 o
749 867 781 922 te
802 861 907 944 [prrsum
929 852 1135 944 quaerebam.

133 964 189 1034 St.
212 972 243 1034 e't
264 986 324 1056 ego
346 974 389 1030 te.
434 959 519 1032 Ctr.
543 972 657 1052 optato
678 959 846 1032 ddeem‘s.“
869 957 924 1026 ubi
945 981 1007 1050 ego
1028 955 1135 1026 rheto-

14 1061 18 1073 ’
133 1070 203 1139 rico
226 1081 366 1138 accentu
388 1065 574 1158 augendum
602 1082 661 1137 est.
706 1063 743 1133 si
765 1064 836 1160 quis
859 1072 969 1132 tamen
998 1061 1051 1130 bic
1080 1061 1136 1130 ubi

135 1197 263 1243 summa
291 1171 340 1241 vis
372 1171 406 1238 iu
433 1169 628 1266 pronomine
656 1184 818 1252 versatur,
846 1183 942 1236 aucta
969 1193 1029 1261 per
1056 1165 1135 1266 illud

133 1277 283 1371 mquam,
315 1276 495 1371 rhythmico
529 1275 626 1344 etiam
655 1290 793 1344 accentu
822 1298 918 1367 aegre
948 1288 1074 1357 careat,
1107 1271 1134 1340 is

134 1408 194 1477 per
215 1408 267 1450 me
290 1379 364 1448 licet
387 1379 510 1447 hiatum
533 1381 733 1448 admittendo
757 1394 834 1473 post
854 1403 927 1447 snm
952 1375 1015 1470 (ad
1039 1395 1144 1472 quem

135 1483 359 1556 excusandum
381 1482 472 1566 facit,
502 1483 537 1550 ni
562 1482 674 1566 fallor,
706 1483 813 1576 ipsum
835 1482 914 1551 illud
935 1481 1067 1575 inquam
1088 1482 1135 1550 in-

135 1589 330 1682 teriectum)
353 1588 513 1681 integrum
537 1601 608 1655 tetr.
629 1585 726 1657 iamb.
751 1586 846 1656 catal.
869 1587 1057 1657 constituat:

134 1745 212 1841 Ego
241 1771 315 1814 sum
351 1743 448 1813 Orest
435 1754 495 1811 t.es
547 1741 664 1812 ‘Immo
695 1742 855 1812 em‘meerd
881 1749 943 1836 ego
969 1768 1056 1821 sum,
1089 1767 1137 1811 m·

735 1873 849 1942 quum,
878 1846 1023 1917 Ore'stes.

136 2005 213 2100 Ego
235 2004 348 2073 ultima
369 2003 528 2098 producta
549 2002 656 2071 minus
679 1998 844 2099 frequens
856 2019 906 2072 est
924 2001 1015 2097 apud
1038 2003 1138 2073 comi·

138 2138 213 2195 cos;
236 2110 309 2179 vide
333 2124 441 2176 tamen
459 2107 594 2177 Terent.
609 2107 712 2178 Andr.
728 2107 787 2192 IV,
811 2119 842 2192 9,
867 2115 923 2183 19:
944 2109 1138 2200 „Pamph

144 2215 226 2305 Quis
251 2214 384 2281 videor?
432 2211 549 2286 Cbar.
572 2213 794 2306 miseraeque
808 2221 906 2306 etque
918 2236 989 2305 ego.
1035 2213 1138 2284 Dav.

138 2318 306 2388 consr‘lium
332 2342 464 2411 quaero.
519 2316 634 2390 Cbur.
650 2319 808 2414 sortr”s.“
859 2315 1013 2386 Ceterum
1040 2318 1138 2388 enim-

139 2448 213 2493 vero
237 2450 275 2492 ex
298 2439 434 2519 utraque
456 2424 581 2493 ratione
606 2424 785 2493 secundam
808 2421 950 2517 corripit.
1040 2455 1041 2459 ¹

225 2527 399 2598 Difficilior
421 2542 471 2596 est
493 2526 594 2595 altera
614 2527 679 2597 loci
697 2527 905 2606 Ciceroniaui
918 2551 1006 2622 pars,
1029 2551 1050 2596 a
1072 2524 1139 2596 eol·

138 2631 313 2703 lectoribus
336 2631 590 2725 fragmentorum
613 2631 745 2701 omuino
769 2632 933 2725 neglecta,
962 2655 1048 2726 quae
1071 2630 1138 2700 edi·

138 2755 226 2807 tores
242 2737 331 2804 miris
347 2735 454 2804 modis
471 2735 572 2808 torsit.
608 2736 743 2830 Legitur
758 2737 842 2806 enim
859 2735 974 2829 vulgo:
1001 2733 1138 2824 „Quum

24 2926 26 2930 Α
139 2858 248 2918 autem
278 2840 374 2910 etiam
402 2839 502 2909 exitus
531 2842 572 2911 ab
594 2857 732 2936 utroque
756 2841 851 2911 datur
872 2839 1066 2910 conturbato
1090 2851 1139 2909 er-

137 2944 286 3040 rantique
309 2944 391 3038 regi:
414 2947 511 3014 ambo
526 2970 605 3039 ergo
621 2973 687 3016 una
703 2947 808 3018 m'eere
823 2955 1028 3037 precamur.“
1057 2942 1137 3033 Quo

139 3050 213 3120 loco
237 3049 324 3119 subit
344 3048 465 3133 mirari,
494 3050 575 3119 nihil
593 3053 781 3123 suboluisse
803 3049 1032 3146 interpretibus
1054 3075 1138 3119 uou-

139 3157 235 3227 nullis
266 3156 307 3224 de
335 3154 503 3250 praeclaro
532 3156 588 3226 illo
617 3158 775 3227 amicitiae
798 3158 1010 3227 documento:
1044 3179 1138 3240 „uua

140 3289 213 3331 cum
236 3262 340 3331 amico
365 3286 433 3329 nou
457 3261 559 3330 emori
580 3260 678 3344 velle,
701 3260 760 3331 sed
785 3304 830 3316 —-
852 3262 995 3330 vivere.“

225 3368 373 3438 Anuotat
395 3367 438 3435 ad
461 3370 575 3437 vocem
598 3365 706 3433 exitus
730 3365 950 3436 Goerenzius:
982 3364 1053 3449 „Ex
1072 3390 1137 3460 quo

138 3471 190 3540 vel
201 3497 265 3555 rex,
277 3471 444 3567 hucusque
459 3473 576 3542 dubius
589 3473 794 3568 incertusque
810 3471 960 3553 haerens,
972 3496 1010 3539 ex
1020 3469 1138 3539 utrius·

139 3602 201 3670 que
217 3575 336 3646 indicio
353 3603 464 3646 verum
481 3577 654 3647 didicisset.
687 3577 762 3647 Hoc
781 3603 882 3646 seusu
904 3572 1001 3644 verba
1023 3574 1087 3644 ista
1110 3573 1139 3643 si

139 3681 314 3775 acceperis,
337 3681 540 3751 sollicitanda
561 3709 629 3752 non
650 3683 815 3753 videntur.
839 3706 916 3749 uam
939 3689 1028 3748 errat
1050 3677 1138 3774 quis-

139 3814 211 3883 que,
235 3786 312 3855 dum
335 3784 450 3854 dubius
474 3786 595 3873 haeret,
618 3815 679 3858 uec
701 3789 788 3906 prius
802 3785 837 3853 in
853 3784 938 3854 viam
959 3782 1107 3879 redit,
1074 3781 1140 3851 ursi

139 3892 341 3962 dubitatione
365 3892 482 3963 soluta.
527 3891 712 3962 Deteriu's
702 3891 798 3985 rgitur
821 3889 889 3973 erit,
903 3887 1001 3984 quod
1021 3875 1138 3957 Daris.

101 4060 104 4064 ι
138 3999 343 4093 baereatz'que
372 3998 498 4069 suadet.
542 3996 629 4067 Exit
615 4009 667 4066 tus
696 4011 804 4066 autem
833 3994 909 4065 huic
935 3996 1050 4073 datur,
1081 3991 1137 4088 qui
