2566 4432
1065 241 1120 293 vll

12 496 14 501 Ι
126 392 225 470 ravit
241 390 458 468 editionem
475 389 597 466 Nonii
616 390 660 486 ¹),
681 389 793 467 cuius
811 414 931 492 opera
948 392 1119 492 plurima
1260 464 1263 471 .

124 525 364 623 tragicorum
377 528 657 620 Romanorum
672 522 890 622 fragmenta
906 526 1025 601 nobis
1039 550 1119 601 ser-

124 672 209 734 vata
236 671 338 744 sunt,
364 682 456 731 cum
483 655 622 732 eadem
647 656 708 732 via
724 657 805 732 iam
823 657 886 732 alii
904 656 1006 733 felici
1025 683 1118 734 cum

125 815 318 877 successu,
333 803 388 866 ut
411 796 600 876 Muretus,
627 787 805 886 Scaliger,
830 791 1118 890 processissent,

123 945 315 1020 magnum
334 921 513 998 studium
529 921 633 995 inter
646 921 752 997 viros
770 921 991 997 eruditione
1008 946 1119 1023 prae-

125 1069 266 1147 stantes
303 1056 447 1130 harum
486 1078 531 1129 ex
570 1053 719 1159 optima
749 1058 953 1132 Romanae
987 1055 1119 1155 poesis

125 1202 245 1265 aetate
280 1188 540 1289 reliquiarum
573 1185 742 1282 viguisse
771 1187 936 1262 videtur.
1001 1185 1118 1261 Haud

123 1345 268 1418 magno
291 1322 397 1394 enirn
415 1319 608 1417 temporis
626 1319 750 1416 spatio
769 1323 991 1392 Mercerum
1008 1340 1119 1417 prae·
1176 1298 1178 1302 ’

124 1466 289 1529 cesserat
304 1451 497 1527 Henricus
516 1449 748 1550 Stephanus,
775 1450 843 1550 qui
865 1473 934 1524 sua
955 1448 1118 1546 diligen·

21 1589 49 1640 ·'
121 1584 174 1661 tia
201 1583 326 1660 edidit
350 1583 434 1671 illa,
468 1607 570 1683 quae
595 1596 705 1683 pater
728 1580 928 1657 Robertus
953 1580 1118 1679 college·
1176 1626 1179 1631 -

121 1730 197 1804 rat,
221 1715 441 1812 fragmenta
459 1704 508 1810 ζ).
556 1719 593 1790 Is
619 1729 690 1799 est,
721 1737 843 1814 quem
869 1737 1010 1788 omnes
1035 1711 1117 1789 fere

123 1847 191 1946 qui
217 1859 354 1945 postea
378 1845 473 1919 huic
495 1845 554 1919 rei
579 1862 746 1944 operam
760 1843 966 1941 dederunt,
993 1847 1115 1921 secuti

124 1991 232 2062 sunt;
262 1977 377 2077 eique
401 1975 535 2077 paullo
561 1991 653 2078 post
675 1977 860 2052 successit
883 1977 1115 2075 Hieronymi

123 2109 345 2186 Columnae
374 2109 439 2184 illa
470 2111 588 2185 Ennii
621 2110 758 2196 editio,
791 2133 893 2210 quae
925 2111 1116 2186 omnibus

58 2271 62 2276 ’
122 2256 185 2323 εει,
203 2240 299 2329 dux,
333 2244 401 2344 qui
434 2257 569 2342 postea
602 2241 653 2318 de
677 2242 809 2318 Ennio
842 2241 990 2344 aliquid
1023 2242 1117 2338 scri-⁴

120 2464 321 2480 m

200 2591 230 2670 ί)
269 2591 367 2652 Nonii
383 2592 525 2652 Marcelli
547 2612 621 2652 nova
644 2589 732 2651 editio
753 2613 816 2651 cum
836 2592 860 2651 F
862 2591 991 2675 algentio
1011 2604 1042 2653 et
1060 2612 1113 2652 no-

120 2686 157 2746 tis
181 2686 212 2745 in
230 2686 358 2746 Nonium
384 2698 414 2746 et
433 2686 625 2770 Fulgentium.
650 2707 685 2746 ex
710 2685 823 2746 officina
845 2686 954 2749 Perier.
991 2682 1113 2750 Parisiis.

122 2783 208 2840 1614.
233 2780 261 2841 8.
370 2838 372 2845 ,

199 2883 234 2970 ζ)
272 2896 452 2975 Fragmenta
476 2905 606 2953 veterum
630 2898 782 2975 poetarum
805 2895 990 2974 Latinorum,
1022 2895 1113 2972 Accii,

120 2989 242 3067 Valerii,
266 2989 397 3063 Aeditui,
423 3003 477 3049 cet.
519 2988 648 3049 Collecta
672 2989 835 3071 digestaque
859 3013 875 3051 a
899 2992 1024 3052 Roberto
1046 2990 1114 3051 Sta-

116 3086 217 3162 phano
238 3095 268 3143 et
286 3084 412 3144 Henrico
424 3087 505 3164 filio.
544 3083 665 3144 Parisiis.
687 3088 771 3144 1564.
791 3087 819 3146 8.

197 3176 242 3237 Ex
261 3178 313 3238 hac
332 3176 505 3238 Roberti'et
523 3178 641 3238 Henrici
661 3179 761 3260 Steph.
782 3179 907 3239 editione
926 3181 1015 3261 petita
1035 3192 1112 3255 sunt,

121 3294 198 3355 quae
212 3275 398 3335 continentur
417 3274 446 3332 in
467 3272 600 3354 Corpore
621 3278 713 3354 polilt.
733 3274 809 3333 Latt.
829 3274 856 3333 h.
878 3285 902 3333 t:

196 3368 307 3444 Corpus
326 3368 451 3428 omnium
473 3380 601 3429 veterum
621 3372 771 3448 poetarum
797 3368 967 3446 latinorum,
991 3381 1046 3430 cet.
1066 3370 1109 3430 ed.

120 3485 176 3524 sec.
195 3462 295 3525 Aurel.
314 3463 467 3546 Allobrog.
488 3463 586 3524 excud.
607 3464 682 3524 Sam.
703 3462 860 3542 Crispinus.
884 3466 1017 3526 164114.

199 3558 267 3633 Quo
293 3559 324 3618 in
349 3559 423 3619 libro
448 3559 537 3620 multa
555 3569 623 3619 sunt
642 3570 672 3617 et
691 3556 789 3637 putida
808 3557 875 3618 vitia
894 3558 1109 3642 typographica,

120 3666 150 3715 et
169 3653 325 3736 fragmenta
345 3653 428 3720 etiam
449 3655 509 3714 sine
529 3655 629 3714 ordine
649 3653 777 3729 disiecta,
802 3653 841 3712 ita
861 3666 894 3713 ut
912 3655 1034 3736 plurima
1051 3655 1108 3716 fra-

120 3760 233 3832 gmenta
253 3771 286 3808 ex
306 3747 461 3809 Duloreste
480 3750 532 3811 sub
552 3750 668 3810 aliarum
688 3747 844 3811 fabularum
868 3750 1030 3813 nominibus
1049 3751 1107 3810 lau·
1152 3764 1154 3769 ’

120 3846 234 3906 dentur.
