2566 4432
617 253 664 326 77

226 422 326 517 Apud
356 419 576 523 Stephanum·
594 421 689 492 deest
716 446 814 519 nura,
851 425 965 492 nescio
994 449 1060 519 qno
1096 451 1144 493 er·

136 554 228 612 rore,
258 527 322 596 nisi
343 527 569 622 Hymenaeum
590 572 633 582 -
655 526 780 596 musico
809 554 911 595 unum
941 544 1011 598 tetr.
1042 527 1145 598 trech.
1250 572 1257 579 -

136 632 264 728 putavit
288 657 371 702 esse.
415 632 551 701 Habent
573 658 686 703 vocem
708 631 813 701 Hadr.
834 633 946 701 Iunius
970 649 1003 702 et
1024 633 1144 717 lllerc.;
1246 690 1251 699 ,

126 739 172 806 'in
195 738 281 806 lens.
312 753 345 806 et
366 735 473 805 Paris.
504 737 640 805 Pacuvii
670 736 762 807 locus
794 737 901 821 deest3
930 737 1065 806 eaedem
1094 738 1144 805 in·
1216 810 1218 815 ,

124 840 298 938 'terpositis
328 840 507 933 Enpedibo
531 865 597 933 pro
627 841 805 933 expediam
833 857 911 920 etc„
943 865 1026 936 quae
1057 840 1146 935 apud

138 947 243 1017 More.
269 964 301 1017 et
322 948 393 1015 lun.
417 946 516 1040 paulo
539 962 616 1040 post
637 945 802 1039 leguntur,
830 944 981 1017 nonnihil
1004 945 1145 1014 turbant.

137 1051 228 1119 Aula
249 1053 372 1146 primus
398 1049 488 1119 dedit
511 1047 658 1142 Scaliger
680 1051 723 1118 ad
746 1049 888 1120 Varron.
911 1078 943 1146 p.
962 1060 1035 1126 189.
1057 1050 1145 1145 Rip„

139 1182 213 1224 cum
245 1155 333 1249 apud
362 1155 552 1249 Euripidem
574 1155 645 1249 Iph.
669 1153 772 1222 Taur.
800 1185 830 1224 v.
852 1166 918 1230 355
942 1178 1014 1250 sqq,
1040 1154 1145 1238 locus,

139 1286 237 1356 quem
257 1257 380 1335 Noster
400 1258 435 1328 in
456 1260 565 1328 animo
588 1258 715 1342 habuit,
740 1276 843 1329 exstet
865 1259 1065 1329 simillimus:

471 1450 538 1474 ·-
560 1461 611 1472 —
633 1411 790 1526 ’Apyrina‘
811 1446 849 1493 re
875 1418 931 1496 vti

235 1531 382 1630 ὁμνέσιν
407 1525 636 1630 dpevnloren·
663 1531 831 1609 αὐλεῖται
857 1521 896 1611 di
920 1531 1000 1609 ndi

234 1638 465 1753 μέλαθρον
489 1691 536 1702 --
562 1688 611 1700 -

137 1809 340 1905 scaligerum
365 1828 543 1907 sequuntur
558 1810 660 1895 Delu,
684 1808 800 1893 Scriv.;
823 1807 877 1877 ille
902 1808 992 1877 addit
1009 1809 1042 1878 in
1060 1809 1144 1906 Opi-

138 1917 344 1986 nationihus:
390 1906 531 2002 „dulcel¹
554 1916 682 1985 adiecta
714 1942 778 1984 vox
798 1938 827 1995 ¹a
860 1914 995 1998 criticis,
1029 1944 1143 1986 versus

140 2020 299 2091 fulciendi
322 2035 457 2090 causa.“
500 2021 590 2091 Anln
610 2046 670 2116 pro
695 2046 779 2088 nura
802 2019 931 2104 coniici,
955 2020 1035 2089 nihil
1059 2047 1142 2117 opus

137 2151 212 2196 esse
243 2127 382 2196 affirmat
409 2125 511 2196 Both.
557 2123 624 2194 Sed
654 2151 715 2218 ego
744 2121 910 2217 Scaligero
943 2125 1143 2219 adstipulan-

139 2230 218 2299 dum
241 2258 380 2316 censeo,
410 2231 516 2301 donee
537 2227 648 2300 Nonio
679 2230 723 2298 ad
750 2228 851 2298 libros
879 2242 1004 2323 nisptos
1029 2248 1142 2301 exacto

138 2335 339 2433 apparuerit,
369 2353 443 2407 utra
464 2335 578 2420 lectio,
608 2360 650 2404 an
674 2351 803 2418 neutra,
834 2333 983 2401 codicum
1005 2335 1142 2404 auctori·

138 2456 205 2511 tate
225 2440 363 2512 iuvetur.
484 2522 486 2526 Α

378 2739 443 2816 IV.
494 2736 630 2834 (Both.
655 2733 794 2810 Dulor.
820 2734 902 2831 13.)

229 2917 358 2990 Nomius
380 2945 413 3014 p.
427 2921 504 2994 nal.
535 2918 640 2988 lllerc.
654 2945 684 2986 v.
701 2920 807 3008 pudet
829 2934 861 2987 et
877 2916 972 3010 pinget
992 2957 1061 3000 „—
1075 2915 1140 2983 Pa-

138 3020 252 3092 cuvius
269 3022 462 3093 Duloreste=
507 3024 605 3112 Quid,
629 3025 792 3116 quondam
814 3035 847 3091 et
868 3022 950 3092 mz‘nt
961 3021 1063 3114 Piget
1076 3044 1141 3112 pa·

136 3138 265 3197 ternum
285 3151 417 3206 nomen,
440 3139 621 3195 maternum
638 3131 743 3219 pudet
764 3126 915 3221 Pnffnre'.

226 3231 314 3300 Edd.
336 3230 415 3300 nihil
437 3231 571 3316 variant,
594 3231 656 3300 nisi
680 3232 769 3328 quod
790 3230 876 3298 lens.
891 3228 968 3297 Par.
991 3226 1161 3313 omittunt¹

139 3362 254 3407 omues
277 3336 371 3407 locos
394 3335 427 3404 h.
446 3363 476 3404 v.
495 3335 622 3420 allatos,
644 3353 774 3432 praeter
789 3334 979 3404 Plautinum
993 3344 1020 3402 'e
1037 3332 1142 3403 Pseu-

139 3439 217 3510 dolo
242 3455 273 3508 et
295 3437 539 3509 Sallustianum.

226 3545 265 3612 ln
288 3545 434 3614 senarios
459 3545 635 3614 diviserunt
657 3572 732 3614 cum
754 3544 906 3614 Mercero
925 3541 1029 3613 Scriv.
1050 3542 1142 3613 Deir.

138 3647 204 3717 Hic
227 3648 319 3718 addit
340 3650 374 3718 in
398 3647 671 3746 opinationibus:
717 3693 787 3735 „—
816 3651 991 3741 Quondam
1013 3649 1142 3736 retinui,
1202 3703 1204 3707 ,

137 3779 198 3850 pro
220 3753 289 3822 iam
305 3756 455 3846 pridem3
484 3753 647 3850 superflua
671 3755 757 3825 enim
780 3755 959 3849 diligentia,
989 3755 1142 3849 qnom'nm

138 3859 371 3929 substitueree‘
437 3860 600 3950 Quoniam
629 3878 847 3953 proposuerat
875 3859 980 3928 Hadr.
1005 3860 1076 3927 Iun.
1107 3857 1142 3925 in

136 3989 240 4060 marg.
275 3963 451 4059 Reperitur
473 3988 552 4035 sane
575 3968 739 4058 quondam
760 3967 816 4036 illo
841 3965 1027 4059 significatu
1047 3986 1141 4057 prae-
