2566 4432
527 211 652 311 Ι,5

140 385 304 474 dissent,
321 375 323 380 ’
340 397 402 462 tot
426 373 674 484 egregiarum
698 383 927 464 fabularum
950 384 1142 489 reliquiae
1164 482 1167 489 1

139 501 235 578 satis⁴
255 497 520 577 ostenderent

238 612 390 691 Grandi
426 613 507 688 iam
548 627 671 691 aetate
708 629 747 691 et
778 613 926 690 morbo
960 613 1140 719 corporis

88 781 92 787 ·
139 727 299 807 diutino
326 725 489 804 affectus
515 732 734 806 Tarentum
760 727 955 805 concessit
974 729 1025 828 ⁶).
1079 731 1141 804 De

138 867 246 921 anno
278 841 418 919 mortis
444 841 545 917 nihil
570 834 731 919 constat
780 832 886 925 Eum
911 866 1040 944 prope
1067 866 1141 919 no·

138 956 396 1055 nagenauum
436 956 567 1034 obisse
603 957 773 1056 legimus
808 956 915 1061 apud
947 957 1141 1056 Hierony·

138 1094 254 1147 mum
277 1072 328 1168 ⁷).
834 1098 841 1121 ··

618 1269 655 1328 lt

233 1418 327 1492 Non
352 1428 510 1491 tantum
536 1438 558 1490 a
582 1414 677 1495 viris
701 1439 776 1519 suo
803 1438 900 1491 aevo
927 1413 1051 1503 claris,
1070 1411 1142 1489 sed

135 1542 298 1631 postero
331 1528 449 1605 etiam
481 1543 663 1631 tempore
680 1529 721 1626 8)·
742 1530 874 1627 magni
893 1532 1048 1607 Romae
1072 1526 1142 1605 ha·

135 1642 243 1719 bitus
276 1657 334 1718 est
360 1638 576 1731 Pacuvius,
611 1658 650 1719 et
679 1643 723 1718 in
747 1642 833 1743 ipsa
859 1668 992 1730 aurea,
1018 1666 1142 1744 quam

138 1755 312 1844 dicunt,'
328 1759 536 1832 Romanae
569 1752 703 1857 poisis
728 1768 851 1831 aetate
875 1767 1030 1856 praeter
1058 1759 1143 1831 Ho-

136 1869 285 1944 ratium
312 1868 478 1969 eiusque
505 1869 667 1957 amicos,
690 1869 764 1970 qui
784 1868 861 1943 illis
885 1867 1031 1970 prioris
1057 1868 1140 1944 aevi

128 1981 308 2079 ingeniis
345 2007 536 2080 magnum
577 1983 683 2083 apud
720 1983 923 2084 populum
946 2006 1141 2061 amorem
1220 2002 1223 2009 ’

137 2093 384 2184 invidebant,
420 2121 540 2172 nemo
573 2093 694 2172 fuisse
723 2096 900 2186 ¹ridetur,
932 2096 1031 2197 quin
1056 2093 1142 2193 glo-

137 2207 240 2282 riam
278 2234 356 2310 qua
396 2208 547 2308 dignus·
579 2225 660 2285 erat
692 2211 732 2286 -ei
772 2210 1017 2287 concesserit.
1078 2209 1140 2285 Ilii

141 2323 248 2398 enim
285 2322 364 2424 ipsi
399 2322 501 2399 nihil
537 2323 645 2401 ahud
682 2324 901 2425 opprobrio
942 2323 977 2399 ei
1011 2320 1141 2398 faeere

137 2448 375 2536 potue-runt,
404 2463 526 2537 quam
556 2438 669 2540 quod
701 2440 890 2515 omnibus
920 2436 1033 2513 lilius
1057 2435 1140 2514 aevi

137 2551 267 2652 poetis
291 2550 387 2625 vitio
414 2550 547 2639 datur,¹
566 2552 678 2652 quod
702 2553 845 2628 limam·
859 2576 943 2627 non
963 2548 1053 2625 satis
1072 2549 1141 2625 ad-

138 2663 360 2750 hibuerint3
391 2663 475 2739 vim
505 2667 692 2762 tragicam
716 2666 766 2740 iis
790 2666 869 2767 quis
894 2662 1141 2762 tragoediam

141 2776 399 2854 excoluerunt
429 2802 514 2864 non
544 2780 670 2881 magis
706 2778 931 2856 abiudicare
973 2791 1146 2882 potuere

219 3102 258 3182 s)
299 3100 376 3164 ont
397 3101 482 3179 xm,
502 3105 531 3164 a

221 3231 260 3311 7)
298 3233 420 3297 Hieron
440 3234 459 3295 Ι.
480 3234 499 3296 t
519 3235 608 3296 Unde
623 3248 743 3316 apparet
762 3256 833 3296 eum
848 3231 885 3293 Aa
907 3232 1030 3294 dioto.
1049 3229 1142 3293 adhuc

141 3327 251 3391 vixisse.
289 3328 363 3391 Vide
383 3330 458 3392 infra
477 3332 512 3393 ad
531 3331 718 3394 Duloresten.

219 3460 259 3540 8)
299 3463 433 3524 Heinsius
444 3461 488 3524 'ad
510 3463 609 3524 Vellei.
627 3463 739 3523 Patere.
761 3465 791 3539 1,
811 3464 858 3523 17.
877 3473 948 3521 tom.
970 3462 1006 3521 Π.
1025 3482 1053 3541 p.
1073 3461 1142 3520 649.

141 3559 186 3619 ed.
216 3557 370 3620 Ruhnken.
399 3571 505 3640 patere·
529 3558 603 3620 dicit
623 3579 658 3619 ex
684 3557 842 3634 Suetonio,
871 3556 953 3619 Accii
978 3568 1009 3616 et
1027 3552 1143 3615 Pacuvii

142 3655 266 3715 dramata
289 3655 464 3735 Neronianis
487 3675 603 3736 quoque
623 3652 801 3734 temporibus
820 3675 880 3714 non
901 3654 961 3714 sine
981 3651 1079 3711 multo
1094 3671 1144 3731 ap-

141 3749 243 3830 plausu
263 3741 298 3809 in'
313 3751 404 3812 scenis
425 3751 548 3813 exhibita
568 3749 671 3827 fuisse„
701 3747 743 3808 At
762 3749 792 3809 in
813 3748 954 3810 Suetonio
974 3746 1064 3808 semel-
1080 3757 1144 3804 tan-

141 3856 206 3904 tum
232 3843 380 3924 reperitur
396 3867 502 3908 nomen
522 3844 648 3923 Pacuvii,
667 3845 697 3904 in
716 3842 774 3906 vita
795 3844 923 3906 Caesaris
942 3863 1003 3924 cap.
1024 3843 1074 3917 84,
1091 3838 1143 3900 'ubi

142 3937 286 4000 laudatum
303 3939 427 4039 legimus
445 3942 527 4005 illum
547 3965 583 4006 ex
602 3939 759 4005 Armorum
779 3938 1023 4014 iudiciouersum,
1035 3934 1071 3998 de
1084 3955 1143 4014 quo
