2566 4432
610 311 682 384 113

145 481 274 552 veniam
296 478 373 548 dare
402 477 564 560 voluisse,
592 491 792 546 commotum
820 475 889 545 eius
918 476 1145 570 generositate,

146 612 212 682 quo
234 583 374 654 sortasse
396 581 535 678 pertinet
559 577 651 649 locus
676 576 789 649 Ovidii
812 579 914 650 Trist.
936 582 961 659 l,
985 590 1017 665 9,
1038 589 1100 656 27:

189 721 249 792 De
270 721 387 791 comite
407 719 558 813 Argolici
571 732 750 813 postquam
771 720 920 814 cognorit
946 718 1084 798 Orestes,

217 831 219 835 ’
261 829 430 899 Narratur
449 825 603 919 Pyladen
624 823 695 913 ipse
711 824 874 913 probasse
902 824 1021 903 lboas.

143 964 212 1036 Sed
250 991 350 1062 quum
388 960 544 1031 Orestem
581 985 642 1056 pro
678 960 803 1055 Pylade
841 962 976 1033 haberet
1013 961 1143 1048 Thoas,

125 1069 272 1154 Oresti,
303 1067 357 1163 qui
380 1066 409 1137 ei
431 1065 573 1162 Pylades
596 1064 777 1148 videbatur,
808 1066 972 1136 concessit
999 1083 1035 1135 ut
1056 1066 1142 1136 vive-

140 1191 199 1248 ret
245 1173 291 1243 At
314 1171 451 1240 Orestes
481 1168 626 1252 veniam,
655 1195 738 1264 quae
762 1195 871 1239 errore
895 1170 1058 1240 Thoantis
1082 1169 1143 1240 sibi

142 1264 319 1373 obtigerat,
354 1288 561 1369 aspernatus,
596 1289 710 1342 contra
742 1269 903 1366 postulat:
953 1277 1061 1344 Ambo
1092 1275 1144 1344 sic

142 1408 207 1452 uno
229 1379 388 1451 mirarier
407 1402 596 1469 precamur,
629 1376 781 1471 quoniam
810 1377 893 1446 mori
921 1379 1043 1448 mavult
1069 1405 1142 1449 cum

140 1484 283 1580 Pylade,
307 1509 404 1578 quem
427 1497 514 1549 certa
535 1505 623 1549 rnors
647 1496 767 1557 manet,
793 1507 890 1576 quam
913 1483 1018 1552 amico
1043 1484 1142 1554 orbus

141 1588 260 1657 vivere.
304 1585 366 1654 His
393 1585 489 1677 igitur
517 1584 623 1652 verbis
651 1583 771 1653 exitum
799 1586 854 1654 dat
876 1587 1068 1656 conturbato
1093 1613 1141 1657 er·

140 1689 290 1783 tantique
311 1688 398 1780 regi,
420 1687 441 1755 i.
465 1713 493 1755 e.
515 1685 705 1755 haesitantis
729 1687 962 1758 dubitationem
985 1686 1091 1759 solvit
1115 1734 1119 1741 -

229 1793 300 1861 Iam
324 1789 526 1884 intelligitur,
554 1814 653 1882 quam
674 1789 793 1860 frustra
814 1792 933 1862 suerint
953 1791 1032 1885 VV,
1054 1792 1142 1877 DD,
1243 1864 1249 1884 x

144 1898 199 1994 qui
221 1895 409 1965 alterutrum
436 1909 520 1963 certe
548 1892 658 1963 locum
687 1912 874 1991 corruptum
903 1896 1026 1991 opinati
1054 1913 1141 1967 sunt.

146 2002 333 2072 Tentarunt
366 2013 474 2067 autern
506 1996 572 2066 ita:
616 1996 770 2069 Davisius
803 2000 967 2094 priorem:
998 2026 1062 2095 quo
1085 2027 1141 2072 eos

143 2106 240 2195 umbo
261 2103 472 2186 necaremini,
494 2108 761 2194 comprecatam?
796 2104 999 2201 Goerenzius
1022 2107 1057 2174 in
1070 2105 1141 2175 Ad-

144 2209 278 2280 dendis:
322 2207 482 2292 „Rectius
505 2207 540 2276 in
563 2207 613 2275 his
636 2207 759 2293 minus,
786 2225 864 2304 post
886 2233 925 2278 co
953 2224 985 2278 et
1006 2234 1069 2304 quo
1091 2227 1141 2280 to·

144 2315 205 2384 ties
230 2337 249 2382 a
273 2311 386 2382 scribis
409 2310 518 2408 inepte
542 2311 719 2395 adiectum,
741 2311 902 2382 delebis.“
928 2312 983 2382 Ad
1005 2314 1142 2385 alterum

143 2418 232 2487 idem
267 2414 405 2489 ibidem:
463 2415 642 2501 „Bremius
679 2415 725 2484 ita
760 2415 936 2510 legendum
974 2417 1142 2512 opinatur:

123 2523 259 2613 Quum
297 2530 406 2588 autem
442 2519 542 2588 etrbm
575 2519 683 2589 exitus
716 2521 758 2588 ab
794 2531 928 2613 utroque
953 2521 1143 2614 flagitatur,

144 2626 335 2696 conturbato
356 2625 569 2717 haerenteqrm
588 2649 685 2718 rege:
727 2626 834 2694 Ambo
856 2644 935 2718 ergo
964 2650 1062 2694 mrum
1086 2649 1142 2695 ne·

145 2754 216 2800 cem
232 2739 444 2823 precamur.“
472 2727 605 2797 Bremio
629 2728 724 2821 igitur
740 2728 848 2798 exr'tus
864 2746 915 2798 est
927 2752 1028 2799 mors.
1061 2726 1142 2798 Sca·

144 2832 226 2927 liger
246 2831 391 2901 volebat:
420 2855 494 2899 cum
515 2857 548 2900 α.
570 2854 598 2900 e.
623 2831 732 2900 exitus
754 2831 880 2927 utriqrm
901 2834 1001 2902 datur
1021 2859 1045 2902 a
1065 2857 1142 2903 con·

144 2937 275 3007 turbato
297 2946 487 3028 :monteque
510 2959 595 3028 rege.

232 3038 407 3109 Postremo
430 3040 556 3109 numeri
578 3056 654 3110 suut
682 3055 739 3108 aut
765 3041 827 3110 tria
854 3057 958 3111 metra
978 3038 1143 3110 trochaica

146 3171 166 3217 e
187 3159 374 3214 tetrametro
395 3142 528 3238 reliqua,
550 3159 607 3211 aut
628 3143 700 3212 finis
724 3160 774 3215 est
795 3143 970 3214 tetrametri
985 3142 1125 3213 iambici.

234 3250 304 3319 lam
327 3246 406 3317 satis
429 3262 495 3317 est:
516 3247 716 3335 -verbum
738 3273 807 3318 uon
828 3245 967 3342 amplius
990 3246 1122 3317 addam.

350 3511 482 3585 XXXI.
531 3507 667 3606 (Both.
697 3506 833 3583 Dulor.
859 3509 939 3603 lo.)

236 3689 365 3760 Nonius
391 3717 424 3786 p.
455 3698 530 3767 179.
557 3688 679 3759 Merca
722 3738 743 3772 ,‚
757 3688 856 3757 Torto
884 3713 944 3783 pro
973 3701 1144 3756 tormento.

147 3793 313 3864 Pacuvius
336 3791 527 3866 Duloreste:
572 3794 664 3864 Nam
684 3801 718 3860 te
737 3790 772 3859 in
792 3791 954 3890 tenebn‘ca
974 3813 1076 3880 saepe
1095 3789 1144 3856 la·

148 3900 384 4076 {msam
412 3897 582 3977 Clausum,
612 3907 646 3968 et
657 3894 818 3994 fatigans
843 3907 937 3967 artus
964 3904 1052 3967 torto
1078 3891 1145 3962 dis·

816 4058 866 4183 'e
