2566 4432
636 229 663 301 6

138 429 262 510 Qum
287 403 450 483 comicis
474 403 673 481 comicum
689 402 742 498 ⁹).
791 404 848 480 lta
873 401 1031 479 Persius
1055 426 1144 480 ver·

116 588 118 592 .
139 544 326 625 rucosam
343 519 511 626 appellat
525 517 685 596 Pacuvii
701 516 916 618 Antiopam
929 517 999 614 ¹⁰),
1018 543 1144 620 quam

139 790 241 862 postea
265 797 361 840 sumo
385 775 457 851 eritc
481 773 565 838 Accii
587 794 696 836 nomen
720 793 758 835 nc
776 771 864 835 semel
884 772 1008 855 quidem
1046 773 1147 838 refer.

138 873 204 937 lissc
227 872 394 936 memoriam
420 871 561 935 credimus
585 869 680 933 virum
705 867 915 946 doctissimum,
938 868 1015 932 illius
1033 870 1065 932 iu
1083 871 1146 935 vite

137 969 265 1032 Neronis
282 990 345 1051 cap.
366 969 414 1030 11.
434 966 492 1029 loci
510 965 722 1042 recordantem,
740 963 791 1037 uhi
810 965 967 1027 Suetonius
989 967 1146 1029 inductam

140 1088 201 1126 esse
224 1079 253 1126 et
276 1065 408 1147 Afranii
428 1076 566 1146 togatam
591 1073 705 1138 narrat,
725 1084 802 1139 quac
819 1062 989 1122 Incendium
1007 1062 1145 1124 inscribi·

139 1174 198 1222 tur.
237 1160 375 1222 Intestior
393 1156 449 1220 illis
467 1158 583 1242 tragicis
602 1170 646 1220 est
665 1155 803 1218 Martialis
822 1155 858 1218 ad
881 1155 1069 1218 Chrestillum
1088 1157 1145 1237 Xl,

59 1292 63 1307 ι
138 1256 189 1320 91.
208 1253 258 1316 ubi
277 1255 377 1317 iocose
396 1253 496 1317 scribit
513 1254 624 1316 amico:

151 1464 154 1469 .
219 1385 456 1466 „Attonitusque
475 1386 552 1466 legis
571 1386 670 1446 terrai
678 1384 868 1466 frungcrac’,

299 1481 405 1544 Accitis
424 1494 454 1541 et
474 1480 617 1558 quicquid
633 1480 835 1558 Pacuviusque
855 1482 1000 1542 ιὀιηιιιιίὲς

218 1624 260 1700 9)
297 1621 402 1683 Horat
421 1639 469 1701 ep.
489 1618 526 1692 11,
547 1621 577 1696 l,
597 1621 665 1681 166.
704 1618 776 1682 lhid.
795 1642 836 1684 vs.
855 1622 904 1684 67.
925 1641 989 1701 sqq.
1010 1622 1078 1683 176.
1097 1643 1142 1705 sq.

138 1719 218 1781 Idem
236 1718 268 1779 in
287 1738 332 1800 ep.
346 1716 381 1777 ad
400 1715 608 1778 Pisones-289.
646 1715 751 1796 Neque
770 1715 801 1777 iu
820 1715 877 1778 hoc
896 1737 956 1778 uno
970 1716 1143 1798 opprobrio,

138 1814 218 1899 quod
237 1813 335 1892 litura,
354 1833 439 1895 quam
459 1810 628 1897 elegantiam
648 1810 782 1890 dicimus,
802 1811 946 1874 caruerint
965 1812 1083 1894 antiqui,
1102 1814 1141 1876 de

29 1928 32 1935 ·
137 1908 264 1971 Pacuvio
289 1906 464 1970 consensisse
483 1906 641 1985 Romanos,
659 1908 786 1970 videmus
806 1929 823 1970 e
844 1906 946 1970 Vellei.
966 1909 1029 1971 Pat
1048 1910 1143 1988 11,9,

138 2024 225 2087 quem
244 2003 324 2066 audi:
343 2001 448 2079 „Clara
467 2002 552 2065 etiam
571 2024 625 2083 per
643 2003 719 2065 idem
737 2002 800 2065 aevi
819 2003 939 2085 spatium
960 2003 1042 2067 fuere
1058 2004 1144 2090 inge-

138 2099 204 2178 nia,
226 2099 258 2159 iu
282 2097 390 2182 togatis
416 2096 543 2174 Afranii,
568 2097 599 2157 in
624 2097 778 2183 tragoediis
802 2098 918 2162 Pacuvii
942 2112 1029 2182 atque
1047 2098 1142 2180 Accii,

133 2214 231 2276 ,usquc
262 2193 294 2253 in
328 2191 509 2255 Graecorum
541 2191 723 2276 ingeniorum
756 2195 998 2277 comparationem
1031 2207 1142 2273 erecta,

137 2309 330 2373 magnumque
350 2286 427 2351 iuter
446 2286 499 2350 hos
519 2285 595 2369 ipsos
615 2288 743 2352 facientis
762 2290 846 2373 operi
865 2311 917 2353 sno
939 2291 1035 2353 locum
1051 2290 1141 2352 Ennii

138 2383 217 2464 (hoc
235 2404 358 2460 nomen,
378 2385 457 2466 quod
477 2382 612 2446 excidisse
630 2384 759 2462 ridetur,
778 2385 813 2448 ab
832 2386 953 2449 Heinsio
973 2387 1140 2450 restitutum

137 2478 244 2562 probat
267 2478 424 2540 Ruhnken.
449 2479 468 2540 l.
488 2478 538 2557 l),
563 2479 634 2541 adeo
661 2480 789 2561 quidem,
813 2493 848 2543 ut
867 2482 897 2542 in
916 2481 972 2545 illis
992 2483 1089 2560 limae,
1108 2483 1140 2544 in

136 2572 196 2636 lroc
217 2593 293 2655 pene
313 2573 377 2653 plus
396 2573 526 2636 videatur
545 2573 630 2637 fuisse
649 2576 821 2661 sanguinis.“
860 2578 908 2639 Ad
930 2577 1000 2639 hacc
1020 2576 1056 2638 ct
1077 2577 1140 2640 Cic.

138 2666 193 2728 Or.
214 2669 269 2744 ll,
288 2667 368 2729 cuius
387 2667 475 2730 verba
493 2669 528 2731 ad
547 2682 639 2734 totam
658 2672 710 2735 hac
730 2673 766 2736 de
785 2696 819 2737 re
838 2674 917 2735 litem
933 2673 1139 2734 diiudicandum

136 2761 245 2844 optima
258 2774 325 2824 sunt
338 2762 420 2824 hacc:
432 2765 485 2841 „ln
499 2768 578 2827 omni
590 2790 623 2830 ce
636 2769 834 2832 difficillimum
849 2782 902 2847 est,
915 2769 1037 2829 formam
1048 2767 1137 2850 (quae

135 2851 285 2937 χιςικτῆς
306 2855 417 2919 Graece
439 2859 559 2941 dicitur)
579 2885 724 2946 exponere
744 2868 860 2948 optimi:
882 2865 960 2947 quod
979 2864 1056 2925 aliud
1075 2865 1137 2927 aliis

10 2992 14 3001 ·
137 2949 253 3013 videtur
271 2953 420 3035 optimum.
459 2954 556 3018 Ennio
577 2959 721 3038 delector,
739 2962 780 3022 ait
799 2960 953 3045 quispiam,
976 2960 1055 3041 quod
1074 2981 1136 3021 non

135 3044 255 3108 discedit
272 3069 289 3108 a
309 3050 453 3110 communi
471 3072 554 3113 more
573 3053 743 3118 verborum:
766 3058 912 3132 Pacuuio,
938 3056 1034 3137 inquit
1052 3054 1137 3130 alius,

135 3161 232 3201 omncs
255 3144 340 3219 opud
362 3145 438 3206 hunc
464 3149 569 3208 ornati
590 3152 794 3231 elaboratique
817 3166 885 3213 sunt
912 3175 1020 3213 sersus:
1045 3151 1136 3214 multa

30 3244 39 3257 '
133 3235 209 3316 apud
233 3236 355 3301 alterum
380 3241 581 3326 negligentius.
625 3245 683 3307 Fac
707 3248 793 3309 alium
813 3246 913 3309 Accio.
953 3249 1038 3308 Varia
1058 3248 1136 3310 euim

132 3342 200 3391 sunt
219 3332 330 3411 iudicia,
349 3346 384 3394 ut
403 3334 432 3394 in
447 3335 575 3415 Graccis,
594 3360 649 3401 nec
668 3341 756 3405 facilis
776 3343 938 3426 explicatio,
957 3365 1029 3425 quae
1043 3343 1136 3407 forma

132 3424 254 3487 maxime
274 3429 423 3492 excellat.“

210 3558 272 3636 10)
311 3558 390 3621 Pers.
417 3561 477 3623 Sat.
503 3565 532 3639 l,
557 3567 605 3629 77.
625 3601 665 3614 -
684 3571 765 3632 luter
787 3571 1000 3654 vituperatores
1018 3572 1136 3633 Pacuvii

132 3649 189 3712 fuit
207 3652 293 3714 etiam
312 3654 448 3734 Lucilius,
469 3659 547 3739 quod
566 3676 666 3724 monet
686 3664 799 3728 Gellius
818 3668 912 3744 XVll,
926 3671 976 3743 21,
997 3687 1030 3727 ac
1054 3667 1135 3730 ride-

132 3769 196 3809 mus
221 3747 252 3809 in
277 3750 344 3832 ipsis
370 3752 430 3814 cius
456 3754 516 3815 Sat.
541 3755 655 3837 xxix,
680 3762 728 3821 63.
749 3762 794 3824 ed.
814 3763 930 3824 Donsae
949 3785 978 3843 p.
999 3762 1054 3837 81,
1082 3761 1135 3824 ubi

129 3842 268 3929 leguntur
293 3845 395 3910 verba:
420 3849 553 3925 „Utrum
578 3855 667 3917 tristis
693 3869 830 3920 contorto
856 3858 952 3940 aliquo
978 3880 1013 3921 ex
1042 3849 1134 3920 Pac'o-

129 3938 214 4002 viano
235 3941 385 4004 exordio.“
424 3944 490 4006 Hoc
510 3967 594 4011 versu
614 3951 688 4014 inira
707 3953 811 4016 iterum
832 3965 954 4019 utemur.
