2566 4432
677 276 727 351 34

203 465 292 528 tum
323 448 398 546 79),
440 449 566 549 qualis
606 449 777 526 narratio
810 448 1003 550 optimam
1034 449 1209 525 Pacuvio

205 564 457 642 occasionem
485 564 714 665 praebuerit
742 587 935 662 magnum
968 563 1225 640 ostendendi·

203 678 419 777 ingenium.
467 681 621 779 Itaque,
653 702 901 781 quamquam·
933 678 1088 775 Heynio
1122 702 1208 752 non

205 791 493 894 adstipulamur
515 793 558 867 in
585 817 650 881 eo,
677 792 789 894 quod
813 791 1032 868 Pacuvium
1056 791 1100 865 in
1123 794 1210 892 Du-

115 914 121 925 '
204 909 348 985 loreste
372 906 552 1003 Aeschyli
576 904 820 982 Eumenides
847 906 1078 1006 expressisse
1103 905 1210 992 dicit,

184 1037 336 1098 tamen
354 1043 440 1095 non
457 1044 622 1120 prorsus
640 1019 851 1097 reiicienda
870 1043 1088 1107 censemus,
1106 1042 1209 1120 quae

205 1135 363 1213 Servius
390 1132 440 1208 de
467 1135 606 1210 Oreste
632 1159 653 1209 a
677 1134 807 1210 Furiis
833 1134 975 1231 agitato
1001 1133 1130 1208 tradit.

299 1252 434 1327 Restat
463 1262 509 1323 ut
535 1249 585 1324 de
611 1247 824 1324 novissima
848 1249 891 1322 in
917 1262 1096 1324 nostram
1121 1271 1210 1322 rem

203 1361 393 1440 sententia
407 1360 632 1461 loquamur,
650 1386 772 1461 qua-m
785 1359 952 1460 protulit
960 1362 1125 1437 Bothz'us
1138 1361 1208 1457 80).

263 1528 274 1539 „
301 1479 399 1548 Tres
424 1487 517 1549 sunt
541 1474 799 1562 coniecturae,
826 1499 923 1574 quas
942 1499 1026 1551 uno
1045 1474 1210 1550 eodem-

204 1613 283 1692 que
309 1587 403 1663 loco
435 1588 552 1688 ponit
575 1590 759 1676 Bothius;
780 1612 964 1689 ‘quarum
994 1590 1124 1690 prima
1157 1588 1210 1664 ad

202 1703 320 1782 Ennii
355 1716 502 1801 spectat
527 1703 797 1791 Dulorestem,
836 1727 858 1778 e
890 1703 1003 1779 cuius
1025 1727 1110 1778 uno
1134 1703 1208 1781 illo

201 1818 442 1917 fragmento:

209 2036 403 2059 ι-ι--ι-ύ·

281 2176 339 2256 79)
379 2176 417 2235 V.
437 2172 497 2236 938
516 2192 580 2256 sqq.
613 2173 645 2233 iu
666 2171 778 2238 Orestis
802 2179 969 2259 narratione
988 2179 1023 2240 de
1043 2199 1092 2241 sua
1111 2176 1208 2260 expia-

204 2274 298 2338 tione:
631 2281 632 2284 ’
1095 2273 1104 2313 9

351 2387 441 2460 „ia-m
458 2396 506 2470 μὶν
526 2383 570 2450 εἶν
589 2386 679 2464 idom
698 2397 855 2455 σεισθεῖσαν
875 2391 943 2476 disq,

351 2490 445 2567 ψνῒφον
464 2482 531 2567 σις’
549 2482 633 2551 atrivis
652 2486 719 2568 ἷεςὲν
739 2485 864 2569 ὦςίσεννσ’
882 2486 962 2564 ἐ’χειν.

352 2579 423 2644 icat·
435 2578 459 2642 θ’
475 2574 607 2662 Ἐςνννῦννν
627 2579 675 2642 ccix
694 2579 860 2649 ἐσείσθησαν
880 2581 960 2664 νᾶμᾳᾴ

352 2671 461 2759 lga'pos
478 2670 653 2757 aissdgv'ruw
671 2669 823 2759 ν’λνῖσσςεενν
839 2675 869 2756 μ’
889 2677 940 2756 aial,

352 2764 542 2842 iratissimis
562 2763 578 2837 d
620 2799 645 2830 εν
665 2765 703 2832 ad
720 2765 929 2846 Φνῖβσσσέδὶν,

351 2870 399 2926 nal
419 2861 541 2947 σμ’σθεε
560 2863 662 2927 eilv‘re‘o
681 2874 820 2936 ἐκταθεὶς,
840 2875 930 2935 rio-m
945 2875 1041 2950 βνςὶἱς,

282 3019 285 3025 ,
351 2954 475 3038 ἔνι-οἶμαί
492 2955 580 3022 airola*
595 2958 655 3034 βίον
674 2959 829 3043 simililiter
847 2959 949 3029 Sardi,
1002 2989 1004 2992 ·

351 3062 374 3117 ti
390 3048 433 3134 με’
449 3081 485 3134 με
504 3050 584 3119 reiro
603 3061 722 3132 Ooissm
735 3052 765 3125 ir
780 3057 812 3137 μ’
830 3052 979 3127 uinciatur.
1004 3073 1058 3124 cet.
1079 3075 1133 3124 cet.

205 3187 245 3248 ld.
270 3208 296 3249 v.
316 3189 364 3250 79.

351 3343 387 3358 -
423 3350 456 3388 .··
494 3351 526 3362 -
565 3352 596 3362 -
635 3351 667 3363 -
704 3308 846 3387 ὶνννῖνχννῖς
862 3308 994 3394 Ἐςνννῦννν

353 3397 567 3482 inauriatur-ts,
591 3398 728 3482 dvyridu,
754 3404 849 3491 leriga
876 3410 981 3484 7520sz
1004 3424 1058 3474 cet.

206 3532 253 3595 Cf.
271 3534 393 3614 pastoris
412 3535 606 3598 narrationem
624 3558 651 3599 v.
669 3537 729 3599 270
749 3560 813 3621 sqq.

242 3740 244 3745 .
283 3694 342 3774 80)
380 3696 454 3780 Pgn.
474 3699 524 3760 40.
550 3699 594 3760 ed.
620 3701 720 3785 fragm.
745 3715 820 3789 trag.
840 3705 917 3765 Latt.
937 3707 973 3766 ad
992 3707 1087 3770 locum
1106 3710 1201 3775 Dulo-

205 3789 288 3852 restis
312 3789 365 3852 suh
391 3794 507 3855 nomine
532 3793 619 3855 Ennii
648 3796 807 3877 laudatum,
835 3801 916 3880 cujus
941 3801 1018 3865 inter
1042 3806 1203 3890 fragmenta

205 3884 326 3946 Bothius
345 3906 462 3970 qnoque
481 3889 561 3951 illum
580 3890 706 3970 exhibet,
725 3915 786 3957 non
801 3895 925 3977 probato
939 3898 1078 3985 Scaliger-i
1098 3901 1201 3984 (Con-

205 3980 306 4043 iectan.
324 3981 355 4043 in
375 3983 460 4045 Varr.
480 3983 498 4047 l
519 4005 605 4068 supra
623 3986 664 4069 l.)
683 3988 737 4054 hac
754 3991 792 4054 de
810 4014 843 4057 re
862 3992 977 4059 iudicio.
1056 4019 1058 4024 ·
