2566 4432
525 250 705 341 ar

109 431 111 435 ’
136 421 215 498 hus
240 436 376 523 captus
400 421 459 511 sit,
486 420 677 509 Thoanti,
701 420 772 497 uhi
790 421 939 497 audivit
956 426 1139 500 Orestem

137 537 344 633 agnovisse
369 561 568 624 sororem,
597 536 787 637 nequibat
813 535 1007 612 dubitatio
1034 537 1140 623 oriri,

135 664 228 726 uter
253 654 412 728 Orestes
438 665 546 736 esset;
570 664 616 725 ut
641 675 749 726 nunc
775 664 841 738 est,
867 651 997 726 statim
1023 676 1141 751 appa-

135 765 256 853 rebit,
282 766 352 866 qui
377 765 464 840 fieri
489 765 674 865 potuerit.

235 883 378 956 Oreste
409 905 453 955 ac
485 878 631 975 Pylade
663 878 713 954 ad
751 879 898 967 navim,
935 879 1141 980 Iphigenia

135 992 180 1068 in
217 993 416 1094 templum
451 992 761 1081 discedentibus,
799 993 908 1070 solus
946 996 987 1068 in
1026 1019 1141 1069 scena

136 1097 317 1184 remanet
334 1108 490 1195 chorus
517 1111 757 1182 Graecarum
776 1105 887 1184 haud
905 1107 1028 1184 dubie
1051 1134 1141 1182 mu-

136 1221 293 1310 lierum,
320 1221 370 1298 ad
396 1221 622 1323 exemplum
638 1221 851 1321 Euripidis,
877 1247 920 1297 ac
939 1221 1142 1297 silentium

137 1336 349 1439 pollicitus,
372 1350 418 1411 ut
433 1335 542 1410 idern
559 1334 728 1411 instituit
745 1335 846 1436 (Iph.
864 1341 982 1412 Taur.
1001 1337 1141 1435 total:

188 1538 341 1650 θάρσει,
368 1536 452 1643 φίλη
478 1536 673 1630 lituorum,
697 1538 761 1620 aul
785 1539 911 1648 σώζου
935 1538 1050 1639 μόνον,

188 1661 235 1748 aie
259 1646 300 1735 la
323 1659 360 1760 ’γ’
384 1657 472 1755 ἐμοῦ
496 1687 550 1734 σοι
575 1655 705 1734 πάντα
730 1657 987 1754 σιγηθήσεταις

187 1766 278 1851 lara
300 1767 420 1873 uipera
445 1770 545 1861 Zale,
571 1763 617 1849 alr
643 1763 872 1860 ἐπισκήπτεις
896 1765 989 1879 sript.

137 1987 249 2065 Nihil
274 2001 408 2063 tamen
432 1985 634 2088 prohibet,
661 1984 897 2085 quominus,
923 1984 1023 2060 sicut
1048 1984 1142 2062 cho-

137 2126 208 2178 rus
239 2100 481 2201 Euripideus
520 2101 642 2199 (1059
668 2099 774 2200 sqq.)
798 2097 859 2201 *de
892 2099 1013 2175 rebus
1043 2126 1142 2217 quas

139 2216 222 2315 geri
255 2213 383 2291 modo
414 2213 609 2304 viderant,
647 2215 759 2320 quasi
796 2213 1142 2317 philosophentur.

137 2329 239 2409 Inde
262 2329 328 2406 illa
353 2330 488 2408 verba:

609 2559 678 2613 XX.

138 2711 355 2789 Fortunam
381 2709 563 2787 ihsanam
594 2718 672 2787 esse
702 2725 738 2786 et
760 2738 912 2786 caecam
935 2725 970 2787 et
994 2710 1142 2789 britam
1183 2794 1190 2807 ,

535 2823 728 2927 perhibent
746 2826 972 2927 philosophi,

141 2941 317 3046 Silenique
346 2924 466 3016 instar
498 2947 575 3016 isse
609 2936 761 3038 globosi
780 2943 1009 3044 rpraalliaant
1043 2943 1142 3018 eolal-

144 3060 149 3069 '
540 3051 667 3141 bilem,·
772 3095 779 3111 ·

138 3157 258 3253 'Idem
299 3193 376 3271 quo
412 3195 556 3244 saxum
590 3156 777 3269 impulerit
789 3170 901 3270 sors,
933 3171 1069 3246 ‚cauere
1098 3197 1141 3246 aa

539 3283 755 3360 Fortunam
778 3286 990 3358 autumant.

144 3395 309 3473 Caicum
338 3393 387 3472 ab
415 3424 504 3472 eam
534 3424 713 3472 ramesse
741 3401 890 3485 iterant,
924 3400 1017 3502 quta
1047 3400 1177 3481 nibil.

376 3513 378 3517 ’
540 3517 669 3586 cernat
694 3539 771 3616 quo
796 3540 874 3587 sese
896 3515 1061 3615 applicet
1232 3502 1235 3513 ¹

140 3617 340 3702 ‘Insanum
371 3640 503 3701 autem
532 3624 656 3709 azttnt,
697 3628 790 3729 quia
825 3640 955 3715 atrox,
993 3631 1143 3717 ineerta,

540 3738 799 3844 instabilisque
821 3740 879 3815 sit.

140 3854 323 3940 Breitam,
360 3853 457 3956 quta
493 3852 654 3951 dignum
687 3859 805 3959 <itque
838 3855 1043 3955 aiulr'gnum
1079 3863 1141 3932 ne-

539 3983 654 4071 queat
677 3969 930 4046 titterndseere.
