2566 4432
667 263 741 341 112

208 458 245 505 se
276 458 463 529 parsurum
500 434 589 504 idom
624 436 797 531 postremis
831 425 935 510 verbis
973 464 1049 509 mox
1087 441 1215 535 patebit

205 565 326 610 messe.

294 644 423 714 Deinde
447 661 596 739 apparet,
625 647 729 741 prima
749 646 821 715 illa:
865 645 941 739 Ego
962 673 1034 716 sum
1062 647 1211 726 Orestes,

206 750 342 844 proferri
365 774 385 817 a
406 750 545 845 Pylade,
584 765 715 818 cavente
738 777 779 825 ne
804 748 942 821 Orestes
970 752 1059 846 prior
1084 780 1212 824 nomen

206 855 415 949 pronunciet;
438 880 515 924 nam
536 855 617 924 haec
640 853 753 923 ultimo
776 853 850 925 loco
873 857 967 952 ponit
988 853 1123 926 Cicero:
1146 870 1211 942 „te

206 959 410 1029 zitdicores.“
1198 1046 1200 1050 ,

293 1065 365 1133 lam
392 1091 484 1149 vero,
520 1082 557 1134 ιιι
582 1080 748 1159 postrema
778 1081 866 1133 recte
899 1064 1134 1160 intelligantur,
1168 1067 1211 1136 ab

208 1167 385 1238 editoribus
408 1169 495 1238 varie
519 1187 641 1240 tentata
648 1171 815 1255 ,Bremio
838 1168 918 1253 soli,
942 1181 980 1238 ‘ut
1001 1171 1129 1241 videtur
1153 1172 1212 1241 ali·

208 1290 366 1370 quatenus
390 1292 572 1368 perspecta,
598 1292 674 1344 ante
698 1274 808 1344 omnia
829 1274 1030 1343 monendum
1053 1292 1112 1361 est,
1134 1303 1212 1371 par·

206 1376 338 1445 ticulum
359 1401 424 1445 non
446 1396 521 1448 ante
539 1404 712 1471 precarere
740 1378 870 1447 minime
902 1405 974 1448 esse
1005 1380 1213 1474 interrogati·

206 1505 281 1549 vam
312 1504 371 1573 pro
399 1505 519 1559 nonne,
556 1499 592 1550 ut
627 1482 756 1576 plurimi
790 1499 986 1575 acceperunt
1017 1484 1214 1580 interpretes

208 1581 436 1674 (Goerenzius
460 1584 543 1653 inter
566 1593 654 1678 eos),
678 1613 751 1654 cum
772 1586 967 1655 contrarium
985 1589 1215 1662 demonstrent

208 1689 353 1784 exempla
375 1691 605 1783 praecedentia
635 1696 729 1782 (nam
754 1690 781 1757 si
803 1715 868 1758 non
900 1709 987 1761 esset
1014 1717 1134 1777 nonne,
1166 1712 1214 1766 et-

206 1795 271 1864 iam
296 1809 369 1861 aute
393 1795 531 1877 diceres,
563 1795 744 1888 refelleres,
774 1794 950 1873 indicares,
977 1821 1055 1866 non
1083 1825 1214 1892 ponen-

209 1900 289 1967 dum
320 1907 408 1984 erat)
440 1915 471 1966 et
500 1898 564 1967 loci
593 1924 704 1968 nexus.
748 1898 890 1990 Pergere
920 1900 1004 1967 enim
1034 1906 1214 1976 constitue-

206 2027 271 2078 rat:
295 2004 453 2101 „Epicuri
470 2003 639 2097 disciplina
655 2005 729 2072 talia
746 2030 813 2072 uon
829 2002 988 2097 postulat;
1011 2034 1213 2104 quamquam

112 2192 115 2203 Ι
207 2132 243 2184 tu
266 2113 414 2209 quidem,
438 2110 485 2176 vir
508 2109 656 2201 egregius
675 2135 751 2177 ,cum
775 2108 833 2191 sis,
856 2107 1017 2179 laceresss
1060 2111 1212 2210 Praepo-

209 2219 273 2287 suit
297 2213 521 2284 tantummodo
546 2212 600 2280 illa
624 2213 663 2281 de
683 2213 866 2308 Torquato,
891 2240 932 2282 ne
954 2214 1120 2285 minimam
1139 2222 1212 2316 qui·

209 2324 283 2390 dem
308 2319 500 2389 offensionis
525 2317 731 2386 occasionem
753 2316 931 2389 relicturus.
974 2321 1085 2416 ltaque
1110 2323 1138 2391 si
1161 2327 1242 2395 ἰιι-ι

207 2426 443 2519 terrogationes
469 2421 662 2504 omittimus,
693 2447 808 2491 sensus
839 2425 937 2494 totius
959 2424 1024 2494 loci
1048 2416 1112 2496 esta
1142 2427 1212 2516 Tu,

206 2530 348 2626 Pylades
380 2528 407 2595 si
435 2551 540 2609 esses,
572 2526 695 2593 diceres
726 2542 757 2594 te
788 2553 860 2596 esse
893 2528 1060 2613 Orestem3
1095 2548 1147 2616 tu,
1183 2536 1211 2603 si

209 2660 299 2704 esses
334 2631 489 2714 Orestes,
523 2630 681 2725 Pyladem
706 2632 887 2716 refelleres,
915 2649 951 2701 ut
978 2649 1008 2701 te
1035 2635 1211 2722 indicares,
1254 2718 1277 2729 ,¹

209 2756 241 2808 et
263 2738 291 2805 si
313 2737 348 2804 id
371 2762 439 2804 non
461 2736 627 2829 probares,
651 2763 725 2805 cum
748 2739 852 2807 amico
877 2737 959 2806 mori
982 2752 1148 2832 posceres,
1174 2759 1212 2812 ut
1267 2732 1278 2797 i

207 2840 288 2909 illud·
309 2839 417 2909 nobile
441 2864 500 2933 par
522 2841 698 2911 amicorum
712 2841 797 2917 fecit.
822 2886 864 2896 -
886 2841 970 2909 lllud
992 2868 1081 2926 „non
1096 2871 1210 2937 preca-

207 2972 277 3014 rere
287 2957 305 2987 “
327 2944 414 3011 idem
438 2960 487 3012 est
509 2970 547 3012 ac
571 2947 599 3012 si
614 2947 747 3016 dixisset
763 2945 899 3015 Cicero:
922 2947 1112 3030 „omitteres
1129 2971 1209 3038 pre-

207 3049 315 3124 cori.“
359 3047 409 3147 Ex
443 3075 481 3118 eo
511 3077 587 3119 vcro
617 3051 704 3146 quod
735 3049 851 3120 Cicero
883 3051 959 3119 dicit
988 3054 1067 3124 Non
1090 3066 1209 3141 preca·

206 3180 281 3224 rere
309 3152 475 3247 quominus
512 3157 608 3223 ambo
641 3157 854 3240 necaremini,
886 3156 1020 3249 intelligi
1048 3171 1157 3250 potest
1189 3182 1210 3226 a
1280 3150 1282 3157 ¹

208 3259 365 3330 Thoante
389 3257 545 3343 alterutri,
573 3276 609 3328 ut
637 3259 736 3328 vitam
763 3260 823 3329 sihi
845 3277 1044 3355 precaretur,
1074 3285 1210 3330 conces·

207 3389 281 3431 sum
302 3362 414 3431 luisse.
446 3363 578 3432 Etenim
600 3363 665 3432 nisi
689 3364 752 3434 hoc
774 3381 908 3449 statuas,
932 3391 990 3433 cur
1011 3364 1058 3436 M.
1079 3363 1208 3433 Tullius

207 3467 357 3561 negativa
380 3459 525 3536 oratioue
554 3468 704 3537 dixisset:
749 3472 828 3540 Non
845 3493 1020 3562 proterere
1041 3467 1208 3561 quonuizus
1239 3516 1241 3521 «

208 3589 269 3642 etc.
315 3570 446 3660 Quodsi
469 3598 564 3656 „non
591 3588 743 3666 precatur
765 3574 902 3650 Orestes
913 3588 933 3619 “
961 3572 1053 3656 dicit,
1083 3570 1208 3664 quomi-

207 3702 269 3744 nus
304 3677 400 3746 ambo
435 3694 643 3762 necarentur,
678 3703 813 3747 necesse
849 3695 912 3762 est,
945 3676 1150 3772 propositum
1189 3700 1211 3744 a

208 3780 364 3849 Thoante
393 3780 439 3849 illi
467 3781 582 3865 fuisse,
612 3797 650 3849 ut
678 3798 873 3875 precaretur.
916 3783 1007 3852 Alias
1037 3779 1124 3850 enim
1152 3777 1209 3849 Ci-

209 3911 284 3955 cero
308 3885 417 3979 potius
441 3884 628 3955 affirmative
653 3887 759 3955 dicere
782 3885 935 3957 debebat:
971 3888 1151 3963 Posceres,
1176 3896 1212 3953 ut

208 3990 305 4059 ontbo
332 3989 537 4062 necaremini.
580 3989 699 4086 Pyladi
725 3989 821 4085 igitur
848 3990 995 4072 videmus
1019 3989 1211 4063 Thoantem

1155 4118 1209 4164 ve·
1268 4128 1271 4135 ·
