2566 4432
624 227 676 303 ,17

151 413 268 502 atque
311 397 654 476 modestissimum
698 411 806 499 patet
847 423 891 475 ex
914 401 1147 503 epitaphio,

149 512 265 615 quod
295 512 429 614 ipsum
460 513 535 588 sihi
566 509 705 588 secisse
736 528 868 590 narrat
898 516 1048 592 Gellius
1071 517 1146 614 ⁴⁴).

147 631 198 705 Hi
231 652 383 715 versus,
416 624 544 702 collati
575 651 667 702 cum
695 628 970 729 autepitaphiis
995 630 1147 732 aliquot

145 747 358 844 po'e‘tarum
385 739 628 840 aequalium,
657 740 794 829 Ennii,
815 742 976 830 Naevii,
1006 744 1144 833 Plauti,

146 858 343 960 optimam
381 852 544 928 illorum
577 857 789 954 poetarum
822 846 1014 957 praebent
1043 858 1144 935 ima·

146 973 298 1070 ginem,
323 981 361 1044 et
383 966 580 1068 imprimis
605 966 763 1044 Pacuvii
789 969 1078 1071 simplicitatem
1105 987 1144 1050 et

144 1082 384 1161 modestiam
417 1081 660 1183 exprimunt3
702 1107 824 1182 quare
854 1082 1026 1160 haec-in
1059 1085 1141 1165 fine

144 1200 245 1298 vitae
267 1195 428 1272 Pacuvii
452 1217 683 1296 comparare
707 1220 729 1270 a
754 1221 797 1270 re
821 1220 910 1272 mea
936 1220 1021 1275 non
1050 1181 1142 1277 alie·

144 1338 245 1389 num
270 1334 422 1386 censeo

116 1451 118 1455 ’
240 1423 455 1505 Videamus
478 1420 658 1522 primum
681 1422 875 1510 Ennium,
902 1423 971 1524 qui
997 1448 1140 1524 magna

139 1565 210 1644 spe
240 1535 561 1621 immortalitatis,
595 1560 717 1637 quam
743 1535 933 1635 operibus
958 1540 1039 1613 suis
1064 1541 1138 1617 sibi

140 1653 401 1736 conciliasset,
434 1649 494 1722 uti
528 1649 667 1723 Cicero
693 1647 812 1722 nobis
835 1648 957 1725 tradit
974 1652 1057 1749 ⁴⁵),
1082 1654 1138 1729 sic

139 1768 271 1846 voluit
293 1766 337 1840 in
363 1759 575 1862 sepulchro
601 1785 675 1835 suo
702 1759 796 1857 legi:
1113 1754 1117 1759 ’

140 1976 349 2077 Adspicz'te,
388 2000 410 2047 o
448 1973 553 2057 cives,
589 1972 688 2047 senis
722 1971 836 2047 Enni
865 1972 1038 2075 zmogzizi'
1045 1980 1135 2080 [οη-

734 2113 850 2162 mom.

233 2204 310 2281 Hic
354 2213 519 2277 vostrum
553 2201 694 2300 panxit
713 2195 780 2296 46)
815 2200 991 2278 maximo
1015 2206 1134 2306 sacta

731 2315 896 2411 putrdm.

135 2431 256 2506 Nemo
281 2456 341 2504 me
364 2428 542 2504 lacrumis
567 2428 726 2511 decoret,
752 2453 819 2501 nec
829 2427 978 2528 sunem
989 2417 1090 2529 fletu

232 2541 361 2618 Faait.
399 2539 503 2618 Cur?
539 2535 659 2615 Volito
687 2540 778 2615 oz'ou'
797 2567 864 2639 per
888 2568 957 2616 ora
981 2541 1107 2642 osirim.

234 2736 469 2812 Ceterorum
495 2733 689 2836 epitaphia
712 2732 830 2808 nobis
851 2735 1016 2812 servavit
1042 2738 1132 2814 Gel-

134 2849 240 2952 lius,
255 2849 324 2949 qui
348 2848 372 2925 l.
397 2849 420 2923 l.
445 2849 507 2924 his
531 2847 661 2925 verbis
684 2847 908 2949 praemissis
933 2871 977 2924 ea
1002 2847 1129 2927 afferte

135 2962 308 3053 „Trium
344 2966 560 3063 poitarum
594 2961 809 3039 illustrium
842 2961 1131 3063 epigrammata,
1264 3008 1267 3013 ·

136 3080 208 3157 Cn.
232 3076 387 3164 Naevii,
411 3082 463 3154 M.
487 3076 632 3166 Plauti,
656 3082 709 3155 M.
733 3076 910 3163 Pacuvii,
936 3097 1037 3174 quae
1054 3074 1130 3175 ipsi

134 3189 316 3268 fecerunt
341 3205 379 3268 et
401 3189 613 3266 incidenda
638 3215 712 3267 suo
733 3188 943 3290 sepulchro
960 3185 1131 3287 relique·

136 3377 339 3396 Μ

214 3482 274 3563 44)
312 3482 413 3544 Nocte.
434 3480 498 3542 Ate
517 3482 546 3558 1,
565 3480 613 3541 24.

213 3615 276 3696 45)
315 3615 400 3676 Tuse.
430 3611 618 3689 Qu.1,15.
670 3606 842 3670 Posterioris
865 3606 979 3672 distichi
1003 3608 1129 3674 verbaa
1197 3654 1200 3663 .

136 3711 231 3775 Nemo
249 3730 340 3791 usque
360 3708 395 3769 ad
413 3709 507 3770 Fascis
527 3706 570 3768 his
590 3704 664 3786 apud
684 3704 804 3766 eundem
823 3705 946 3787 repetita
960 3703 1129 3781 invenimus,

136 3807 224 3870 Tusc.
244 3804 304 3881 Qu.
324 3804 352 3881 1,
370 3805 419 3865 49.
438 3816 470 3866 et
489 3804 524 3866 de
545 3803 701 3865 Senectute
721 3821 780 3882 cap.
800 3801 849 3861 20.

215 3935 274 4014 46)
312 3934 412 4019 Vulgo
433 3933 540 4018 legitur
555 3935 668 4010 pinxit.
757 3962 760 3967 ·

817 4028 850 4104 ‘i-
