2566 4432
614 276 721 350 '18

197 470 308 546 runt,
339 444 555 531 nobilitatis
588 473 731 526 eorum
764 446 884 546 gratia
917 457 957 520 et
983 442 1198 521 venustatis

200 567 450 649 scribenda
438 592 483 642 m
516 562 811 641 commentariis
843 584 926 637 esse
952 559 1055 636 duxi.
1104 558 1199 658 Epi-

199 712 377 788 grommo
397 681 530 758 Naevii
549 678 715 779 plenum
732 675 940 777 superbiae
958 677 1199 802 Campanae

202 797 316 930 quod
331 793 608 873 testimonium
625 815 709 867 esse
724 791 877 867 iustum
899 790 1101 890 potuisset,
1122 786 1199 862 nisi

202 913 288 990 ah
276 936 365 1015 ipso
392 908 545 984 dictum
570 919 686 983 esset:

202 1143 387 1222 Mortales
411 1138 650 1214 Immortdles
673 1140 710 1212 si
718 1139 826 1241 soret
837 1138 912 1238 sos
925 1134 1030 1237 flore,
1106 1236 1111 1245 Ι

203 1257 354 1337 Γὶενέηί
374 1254 483 1330 divae
510 1250 701 1329 Camenae
724 1252 911 1346 Noe'ot'um
929 1260 1104 1352 poetam·

203 1374 341 1476 Itdque
351 1380 561 1470 postquam
577 1379 631 1438 est
648 1368 776 1439 orcino
793 1366 955 1439 trudeus
972 1365 1160 1448 thesauro,

208 1484 330 1564 obliti
348 1493 439 1556 suut
462 1479 619 1553 Romae
638 1478 772 1576 lingud
795 1479 918 1553 lautho
942 1479 1122 1581 loquior.“
1141 1477 1203 1575 ⁴⁷)

207 1718 322 1812 Quos
345 1731 480 1786 tersus
503 1705 646 1808 procul
672 1703 797 1783 dubio
822 1709 957 1785 Naevii
975 1710 1100 1812 ipsius
1122 1736 1206 1789 esse

208 1826 407 1912 existimo,
445 1821 504 1897 uti
536 1835 763 1898 ceterorum
795 1848 960 1926 quoque
992 1831 1205 1929 poetarum

210 1941 321 2018 allata
346 1935 541 2039 epitaphia
568 1936 615 2011 ab
642 1937 736 2036 ipsis
761 1940 902 2041 scripta
923 1936 1206 2042 videntur'⁴⁸).

208 2061 350 2157 Neque
374 2050 482 2126 enim
508 2073 529 2122 a
554 2052 844 2128 consuetudine
869 2056 1120 2157 antiquitatis,
1139 2083 1208 2135 ne·
1265 2077 1269 2084 '

210 2191 290 2272 que
316 2192 337 2242 a
361 2162 544 2239 moribus
567 2162 693 2262 ipsius
717 2168 858 2265 poetae
884 2168 1078 2247 abhorret.

309 2277 459 2357 Gellius
475 2275 617 2378 pergit:
641 2279 916 2383 „Epigramma
933 2285 1076 2373 Plauti,
1094 2287 1206 2387 quod

79 2392 81 2397 ’
212 2393 502 2480 dubitassemus
527 2415 577 2485 an
600 2391 728 2469 Plauti
751 2392 863 2483 soret,
889 2397 963 2473 nisi
990 2425 1010 2475 a
1036 2406 1087 2476 Μ.
1112 2405 1207 2478 Var-

211 2532 315 2588 rone
352 2506 530 2608 positum
569 2504 708 2582 fuisset
747 2508 790 2582 in
830 2511 933 2589 libro
983 2513 1034 2589 de
1077 2516 1207 2617 poiitis

212 2645 361 2726 primo:
630 2649 633 2656 ·

205 2832 413 2861 *ah-annu·-

293 2982 352 3061 47)
393 2983 425 3041 ln
446 2980 489 3042 his
508 2980 636 3045 versibus
657 2983 782 3046 dedimus
795 2983 965 3069 plerumque
979 2986 1132 3054 lectionem
1145 2995 1209 3058 edd.

214 3090 286 3142 vett.
328 3077 425 3139 Aliter
448 3078 584 3159 quaedam
610 3078 823 3141 constituerunt
845 3082 1028 3149 Hermanuus
1052 3088 1209 3154 Elementt.

215 3175 308 3238 doctr.
327 3185 410 3237 metr.
430 3188 459 3255 p.
472 3172 541 3250 638,
560 3171 610 3233 uhi
630 3174 665 3234 de
685 3194 805 3235 numero
826 3175 962 3241 Saturnio
982 3182 1086 3266 agitur,
1105 3197 1137 3248 et
1148 3187 1209 3248 Bo-

214 3271 292 3333 thius
310 3271 453 3354 Fragmm.
473 3272 564 3350 poitt.
583 3269 660 3330 Latt.
680 3281 773 3354 tragg.
792 3292 822 3352 p.
842 3273 891 3335 82.
930 3275 1002 3336 Mihi
1022 3282 1134 3343 numeri
1147 3305 1208 3345 non

215 3366 254 3427 ita
276 3366 404 3449 perversi
427 3365 567 3427 videntur.
613 3363 700 3438 Quod
726 3365 756 3425 in
782 3386 854 3429 voce
879 3369 987 3448 Itaque
1006 3374 1130 3439 offendit
1149 3379 1210 3440 Bo-

213 3461 305 3538 thius,
324 3484 389 3522 cum
408 3462 572 3542 requiratur
590 3463 637 3521 ito
657 3460 781 3539 causale,
803 3476 970 3526 annotamus
990 3485 1115 3550 causam,
1135 3496 1209 3555 quae

215 3555 405 3632 desideratur,
425 3556 463 3616 ita
482 3556 544 3618 fere
564 3577 624 3617 esse
650 3555 849 3639 supplendam:
876 3559 1016 3624 Camenae
1039 3566 1161 3647 flerent,
1185 3571 1210 3632 si

138 3728 142 3733 ἡ
184 3717 186 3720 ,
214 3650 256 3712 sas
279 3651 369 3723 foret·
393 3663 523 3712 mortuus
549 3663 592 3712 est
611 3652 686 3713 enim
711 3653 848 3728 Naevius;
867 3656 963 3738 itaque
981 3673 1133 3743 postquam
1153 3679 1208 3729 eet.

214 3745 255 3808 Et
271 3745 312 3808 sic
332 3745 427 3807 omnia
445 3743 519 3808 hene
539 3747 686 3828 quadrant

290 3900 352 3978 48)
392 3900 612 3984 QuamquamJ
626 3901 665 3966 G.
679 3904 840 3971 Vossiusiu
855 3906 944 3973 Casti.
957 3924 988 3975 et
999 3911 1125 4001 Nottp
1139 3920 1206 3984 121

212 3994 249 4058 de
269 3994 400 4091 omnihus
418 3996 537 4084 dubitat.
