2566 4432
612 267 688 343 ma
762 224 765 228 ’

120 443 322 533 maenum)
362 437 625 533 ee‘rge'ndeme‘nm‚
664 435 811 507 versibus
851 460 965 513 omnes
1003 458 1148 528 compre·

149 544 259 627 hensi;
298 545 358 613 scd
394 572 424 614 v.
455 544 606 629 acerbum
643 543 697 636 (p.
727 548 803 617 247.
838 540 964 630 Merc.)
997 539 1151 630 leguntur

149 646 250 717 hacc:
287 647 422 732 „Varro
455 648 489 733 iu
520 645 655 740 Agathe
693 644 797 738 Virgo
834 645 873 714 de
910 642 1055 714 convivio
1093 641 1149 710 ah·

151 752 278 822 dicatur
304 751 396 837 ideo,
434 753 522 847 quod
551 751 691 820 maiores
720 749 825 819 nostri
853 748 983 842 virginis
1011 745 1149 814 acerbae

151 857 239 925 auris
264 856 405 927 Veneris
429 855 594 926 vocabulis
616 853 719 924 imbui
741 853 950 937 noluerunt,“
976 875 1059 946 quae
1081 874 1150 918 ma·

151 960 272 1030 rimam
300 978 426 1057 partem
453 977 644 1056 repetuntur
669 987 696 1032 v.
726 960 869 1027 imbuere
896 962 1045 1051 (psat.
1067 953 1149 1045 hh).

149 1058 281 1133 Rursus
305 1094 334 1135 v.
357 1067 524 1157 suspicere
546 1071 597 1160 (p.
613 1069 688 1139 400.
703 1064 772 1156 M.)
797 1063 913 1131 hahes:
938 1060 1044 1129 Varro
1062 1058 1150 1151 Aga-

150 1169 273 1239 thone:
300 1170 346 1239 Et
373 1159 464 1266 pueri
491 1169 525 1238 in
553 1169 688 1238 aedibus
718 1167 848 1262 saepius
877 1165 1014 1259 pedihus
1046 1163 1151 1233 ofsen-

151 1277 243 1358 saut',
273 1274 351 1343 dum
382 1291 530 1343 recentes
552 1290 698 1344 musteus
721 1274 755 1341 in
778 1271 925 1343 carnario
949 1270 1076 1339 fluitare
1099 1295 1151 1338 su·
1202 1337 1210 1353 ,

146 1379 330 1474 ,ερίοἰιιηῐέί
376 1375 502 1466 Quidni
525 1378 622 1471 igitur
645 1379 743 1447 etiam
765 1377 820 1447 illa
848 1378 958 1461 „unde
979 1387 1011 1443 et
1032 1398 1151 1443 merce·
1194 1412 1197 1417 ·

96 1528 101 1537 »
148 1483 241 1553 narii
256 1500 331 1569 etc.
374 1481 537 1552 Varronis
572 1482 658 1552 sint?
702 1482 748 1550 At
779 1482 960 1550 Duloreste
994 1477 1072 1574 quid
1104 1476 1152 1545 sa-

152 1588 240 1659 cies?
284 1587 335 1655 Ita
356 1586 479 1655 scribo:
516 1589 627 1655 Varro
648 1588 823 1680 Agathone
846 1612 863 1654 e
888 1585 1085 1652 Duloreste:
1107 1622 1153 1639 -

149 1688 287 1785 Pacuvii
308 1689 405 1759 verba
429 1688 524 1757 affert
538 1688 659 1775 Varro,
684 1690 794 1785 eisquc
814 1687 1061 1782 explicationem
1077 1688 1152 1757 sub·

153 1795 269 1889 iungit.
312 1792 435 1863 Fateor
455 1808 581 1877 tamen,
610 1793 644 1862 in
666 1793 864 1864 Pacuuianis
894 1808 1015 1861 certam
1043 1817 1151 1860 emen·

155 1899 322 1970 dationem
345 1897 426 1966 mihi
446 1923 516 1967 nou
538 1923 736 1968 succurrere.
780 1897 897 1967 Possis
919 1896 980 1966 ita:

188 2073 190 2077 ,
247 2003 317 2094 Qui
334 2008 427 2072 merit
448 2007 528 2098 (pro
550 2013 669 2080 meret,
700 2017 736 2070 ut
743 2003 874 2096 servit)
881 2055 891 2087 ,
921 2028 943 2070 a
969 2001 1098 2072 nomine
1119 2012 1153 2071 et

238 2107 470 2202 serenmsacit
491 2149 550 2191 -,
572 2106 593 2176 i.
618 2132 646 2177 e.
669 2105 725 2203 qui
746 2132 876 2194 servum
898 2106 1036 2176 simulat.

629 2415 678 2489 IL
772 2404 776 2409 .

154 2562 292 2662 (Both.
316 2562 421 2638 iuter
437 2565 588 2638 Incerta
613 2562 859 2639 incertorum
875 2575 994 2660 tragg.
1012 2559 1058 2635 fr.
1075 2560 1150 2657 tn.)

239 2761 279 2829 In
306 2759 490 2854 fragmento
520 2760 637 2831 incerti
657 2760 882 2856 gramnmtice',
912 2759 1000 2856 quod
1024 2756 1151 2831 Censo-

151 2865 224 2936 rino
258 2865 456 2948 annectitur,
489 2891 522 2960 p.
553 2875 652 2942 2726.
684 2865 820 2935 Putsch.
854 2889 968 2935 versus
1001 2864 1152 2934 laudatur

152 2970 224 3055 hic,
247 2969 388 3039 auctoris
411 2971 544 3040 nomine
568 2997 636 3040 non
659 2969 786 3038 addito:

190 3162 212 3197 „
225 3109 319 3195 Tela,
327 3109 473 3204 famuli,
495 3110 563 3183 tela
580 3133 737 3201 propere,
761 3107 977 3201 seqm'turme
1004 3111 1152 3181 enom«

239 3247 385 3333 Pedem,
414 3248 469 3345 qui
492 3249 601 3334 deest,
628 3246 762 3341 Lipsius
789 3247 834 3316 ita
863 3246 1007 3343 supplet:
1033 3248 1151 3334 „T.f.

153 3351 228 3436 tela,
249 3380 389 3459 propere
412 3355 497 3423 tela:
520 3378 546 3428 s.
570 3381 612 3422 m.
628 3351 720 3421 Th.“
754 3351 909 3422 Bothius:
937 3352 1010 3438 „T.
1031 3353 1055 3426 f.
1077 3356 1152 3443 tela,

152 3457 237 3535 tela,
269 3484 408 3555 propere
436 3485 464 3531 s.
485 3488 528 3528 m.
551 3457 644 3527 Th.“
688 3456 805 3526 Addit:
835 3457 1049 3554 „Iphigeniae
1082 3488 1152 3531 vcr-

147 3563 240 3647 ha'3“
262 3562 384 3634 scilicet
404 3563 573 3660 Iphigenia
589 3562 780 3632 Thoantem
803 3588 878 3631 curu
900 3564 997 3632 armis
1021 3590 1152 3661 aggres-

154 3693 232 3737 sura
254 3683 319 3751 est‚
341 3684 374 3738 et
395 3668 539 3739 famulos
557 3667 664 3739 hahet.
693 3708 738 3720 -
767 3662 912 3737 Naelrius
936 3669 979 3738 ad
1003 3667 1153 3765 Chrysen

152 3770 289 3842 Pacuvii
309 3771 409 3843 refert
432 3799 578 3858 versum3
608 3771 699 3869 qnod
726 3786 762 3838 ut
789 3798 901 3842 verum
931 3800 1006 3845 csse
1034 3791 1152 3872 potest,

154 3877 184 3946 si
205 3876 337 3973 quidem
358 3876 422 3948 talc
444 3878 505 3949 fuit
531 3878 599 3949 eius
626 3876 756 3946 sahulac
786 3894 1028 3970 argumentum,
1057 3879 1152 3974 quale

152 3979 265 4053 statuit
285 3976 335 4054 vir
356 3980 607 4079 emditissimus,
637 3982 684 4053 ita
711 3979 792 4054 nihil
819 3981 956 4080 impedit
977 3984 1152 4082 quominus
