2566 4432
612 265 661 339 91

139 450 292 528 quentem
320 432 459 518 inducit,
486 432 566 502 nulli
594 449 704 502 tamen
732 432 789 501 alii
819 429 934 501 lortius
965 426 1142 523 opponitur

136 536 289 606 Priamus
314 563 411 632 qnam
426 537 678 632 Agamemnoni,
701 552 736 604 nt
757 534 835 605 lecit
850 533 978 604 Seneca
1000 535 1035 603 in
1052 535 1141 628 Aga·

137 669 312 713 memnone
336 649 401 719 5lll
424 669 512 739 sqq.:
563 643 690 733 „Quid
710 642 799 737 sata
826 641 991 733 possunt!
1021 638 1143 707 :irridet

137 749 288 843 Pyrrhus
306 748 415 840 putri,
442 748 545 818 Aiaci
572 748 726 842 Ulysses,
759 744 902 815 Hectori
920 742 1055 814 Atrides
1081 741 1142 814 mt‘·

137 877 212 939 nor,
234 853 377 924 Priamo
399 854 662 949 Agamemuoo.“

199 958 266 1036 ,ln
294 956 358 1027 hoc
386 961 482 1027 versu
508 959 630 1053 primus
659 956 797 1029 offendit
817 953 979 1039 Vossius,
1009 952 1065 1052 qui
1094 951 1142 1023 sic

137 1068 172 1141 in
196 1066 473 1164 Castigatiouibus
502 1096 577 1166 pag.
600 1080 659 1146 93:
704 1070 797 1156 „Vel
821 1059 866 1140 ud
886 1068 955 1137 etits
981 1067 1033 1137 vel
1054 1068 1142 1162 prin·

139 1199 218 1268 ceps
248 1173 378 1244 ultimae
406 1175 496 1245 vocis
525 1174 648 1270 syllaba
679 1174 886 1258 furcelauda‚
919 1189 957 1242 ut
986 1170 1142 1242 senarius

138 1279 210 1363 liat,
242 1278 293 1348 vel
324 1305 398 1346 cum
420 1272 586 1348 ‘Scriverio
617 1305 676 1372 pro
706 1279 780 1373 ipse
808 1281 876 1348 eius
904 1277 1009 1346 scribe
1038 1275 1141 1367 ipsus,

140 1383 228 1478 qnod
251 1382 496 1478 utisimplicios
520 1383 565 1450 ita
576 1382 684 1451 verius
704 1410 832 1456 censeo.
843 1397 861 1428 “
890 1381 958 1451 Sed
974 1381 1030 1450 illa
1044 1379 1144 1450 verba

136 1488 209 1580 ipse
236 1487 305 1555 eius
334 1489 628 1557 commiseresccret
658 1489 736 1558 satis
765 1505 874 1558 tuetur
897 1487 1033 1556 Terent.
1059 1478 1156 1555 Hec.'

136 1593 162 1676 l,
185 1602 217 1675 2,
247 1600 300 1665 53.
330 1590 446 1659 allatus
477 1593 796 1662 aWuestemanno
826 1620 879 1687 ap.
908 1592 1025 1660 Botbs
1069 1589 1145 1674 „lbi

139 1697 269 1765 de'mum
302 1695 359 1762 ita
383 1719 480 1788 aegre
516 1695 606 1775 tulit,
645 1716 682 1764 ut
715 1697 821 1791 ipsam
854 1694 1073 1789 Bacchidem,
1107 1692 1146 1762 Si

138 1801 281 1890 adesset,
305 1799 402 1868 credo
426 1799 469 1868 ibi
494 1800 562 1867 e'ins
588 1801 921 1869 commiseresceret.“
936 1839 981 1854 -
1002 1795 1143 1866 Botbius

139 1905 242 1975 dedit:
273 1905 432 1973 Priamus
459 1907 493 1974 si·
517 1907 665 1983 adesset,
695 1906 768 1996 r'pse
799 1905 868 1972 eius
897 1927 1028 1978 comm,
1064 1902 1144 1971 nihil

138 2028 248 2081 tame'n
268 2035 408 2079 monens
433 2010 473 2080 de
498 2009 716 2094 correctione,
747 2033 946 2105 quamquam
977 2022 1145 2076 auctorem

139 2115 237 2184 alium
267 2141 336 2183 non
362 2115 501 2209 reperio.
559 2113 702 2183 Bothios
733 2114 831 2210 igitur
860 2127 892 2183 et
918 2113 987 2182 iure
1018 2112 1145 2197 delevit,

137 2235 251 2315 utpote
286 2235 399 2287 natum
435 2246 453 2288 e
489 2219 612 2314 syllaba
646 2220 861 2313 praecedente
896 2244 1002 2314 neque
1033 2217 1146 2286 sensui

139 2339 270 2418 aptum:
304 2323 364 2391 sed
393 2324 646 2418 transpositione
676 2350 760 2418 opus
790 2351 859 2394 non
890 2348 963 2392 esse
993 2323 1144 2407 arbitron

138 2454 247 2522 neque
282 2418 369 2496 enini
402 2428 550 2496 senarius
582 2429 712 2499 videtur
745 2454 836 2512 esse,
870 2427 929 2496 sed
960 2444 1146 2497 tetrameter

139 2531 341 2616 trochaicus,
365 2533 456 2601 cuius
479 2532 512 2601 iu
536 2533 674 2603 diaeresi
697 2533 803 2603 hiatus
828 2532 991 2601 admissus
1015 2549 1065 2600 est
1085 2532 1145 2600 mi·

139 2636 227 2719 nime
248 2662 352 2705 rarus.
386 2634 475 2704 Vide
499 2630 631 2706 nubem*
643 2637 862 2732 exemplorum
885 2637 926 2706 ab
951 2636 1143 2707 Hermanno

140 2757 373 2833 congestorum
405 2740 440 2809 in
475 2740 655 2811 Elementis
682 2742 797 2811 Doctr.
833 2758 926 2810 metr.
956 2767 990 2834 p.
1019 2751 1062 2816 87
1096 2767 1135 2837 sq

140 2843 193 2914 (ll.
215 2845 252 2918 fr.
276 2855 330 2930 20,
352 2872 399 2915 vr.
422 2855 454 2920 8.
499 2843 536 2913 Si
558 2863 668 2916 tamen
691 2846 975 2940 magis-placuerit
996 2863 1146 2940 transpo-

140 2951 208 3020 sitis
232 2951 391 3020 Priamus
413 2950 448 3020 εἰ
473 2953 638 3021 senarium
668 2952 812 3036 allicere,
841 2950 1048 3046 praetulerim
1077 2950 1146 3018 eius

140 3081 206 3126 una
229 3055 353 3152 syllaba
375 3056 492 3140 efferri,
517 3058 606 3150 quod
629 3074 661 3127 et
682 3059 791 3152 ipsum
806 3057 884 3126 satis
901 3056 1056 3125 usitatum
1073 3071 1132 3124 est.

376 3425 475 3498 XVI.
526 3422 664 3518 (Both.
690 3421 829 3497 Dulor;
856 3421 912 3518 7.)

231 3636 360 3708 Nouius
383 3665 415 3733 p.
430 3648 506 3713 359.
529 3638 633 3708 lllerc.
656 3667 687 3709 v.
704 3639 844 3713 Nobila:
867 3682 935 3723 „—
956 3680 1001 3692 -
1016 3680 1059 3691 -—
1082 3638 1147 3706 Pa-

143 3743 253 3812 cuvius
275 3742 467 3814 Duloreste:
512 3744 650 3813 Hirtiae
671 3743 700 3812 ir
729 3755 794 3828 est,
823 3744 1051 3838 qucmsumae
1069 3769 1147 3836 gru-

142 3849 191 3918 tiu
212 3860 290 3918 onte
311 3850 415 3917 omnis
437 3850 589 3919 nobilitat
611 3849 724 3919 veios?

231 3989 369 4061 Ht'cct'rte
387 3990 437 4072 t‘s]
469 3988 570 4060 Nonii
601 3988 674 4060 edd.
704 3989 782 4058 nibil
810 3988 945 4071 variant,
973 3985 1033 4055 sed
1057 3983 1147 4055 Dclr.
