2566 4432
581 213 631 289 43

81 390 209 465 'ros.“
275 393 486 491 Repugnat
518 389 627 465 enim
657 387 735 463 illis
765 411 875 477 „non
910 391 1108 465 Graecum

88 505 285 603 ‘origine‘
317 518 457 606 aperte,
481 528 616 579 versus
641 502 816 591 Pacuvii,
848 502 918 578 etsi
951 528 1035 580 non
1063 529 1109 580 ex

102 619 315 696 Duloreste
348 618 484 694 allatus
518 618 619 715 (Cic.
650 606 701 693 de
733 631 809 693 nat.
833 617 953 693 Deor.
977 623 1024 708 ΙΙ,
1048 623 1108 697 36.

101 768 152 788 ⁶-
176 760 235 835 ap.
259 733 374 810 Both.
399 736 458 810 39.
483 731 601 808 nobis
625 731 702 829 9.):

198 929 436 1030 Graiugenae
462 931 509 1006 de
532 930 604 1004 isto
630 895 746 1029 dpeu‘t
769 929 853 1030 ipsa
878 900 1010 1005 ordtr'o.

102 1107 172 1224 qui
198 1125 350 1201 menda·
371 1124 537 1226 quidem
564 1147 649 1199 non
675 1137 793 1212 earet,
825 1121 895 1199 sed
923 1122 1008 1199 sine
1034 1121 1108 1199 du-

100 1239 169 1315 bio
189 1264 394 1342 expressus
414 1253 471 1314 est
489 1264 536 1314 ex
552 1237 622 1313 illo
636 1237 771 1337 Eurip.
785 1237 870 1338 Iph.
888 1241 1107 1315 Taur.236:

82 1500 84 1507 4
187 1423 370 1523 Ἕλληνες·
391 1422 428 1513 ‘iv
452 1431 550 1511 τοῦτ’
574 1423 677 1518 obdu,
701 1427 768 1507 κου’
791 1424 996 1538 περαιτέρω.

98 1631 153 1706 Ac
184 1654 235 1705 ne
269 1623 442 1716 dubites,
474 1628 577 1705 hanc
606 1626 835 1729 Iphigeniae
869 1626 1107 1728 Euripideae

97 1757 251 1844 partem
282 1743 454 1818 Pacuvio
494 1745 582 1817 ante
619 1741 760 1819 oculos
799 1737 940 1828 fuisse,
977 1744 1108 1819 statim

80 1884 132 1931 ·v.
163 1860 237 1933 356
263 1881 347 1957 sqq.
386 1879 599 1930 conversos
632 1882 653 1932 a
686 1853 857 1963 Pacuvio
893 1877 977 1930 esse
1008 1855 1108 1931 vidi-

98 1995 201 2045 mus.
251 1959 353 2045 Hine
378 1968 468 2044 licet
490 1969 673 2071 profecto
701 1982 888 2056 statuere,
914 1969 984 2044 etsi
1010 1995 1108 2046 nau-

79 2085 270 2181 ·fragium
295 2082 460 2159 fecerint
490 2085 625 2172 amici,
656 2083 866 2160 introitum
892 2097 1025 2160 tamen
1051 2083 1108 2160 fa-

96 2199 215 2274 bulae
247 2197 439 2279 similem.
453 2195 673 2300 Euripiden
705 2197 844 2286 fuisse,
884 2198 959 2273 nisi
993 2199 1106 2300 quod

99 2316 258 2406 Orestes
276 2312 327 2388 de
352 2312 472 2387 rebus
498 2311 709 2415 hucusque
735 2313 851 2411 gestis
872 2315 1106 2389 summatim

98 2426 326 2528 exposuisse
352 2426 519 2513 videtur,
544 2450 597 2500 ne
623 2451 726 2528 quae
752 2427 803 2504 de
829 2426 949 2504 caede
970 2429 1107 2504 matris

98 2568 118 2616 a
139 2565 180 2616 se
196 2554 415 2642 perpetrata
430 2541 625 2618 Romanis
642 2541 896 2619 audientibus
910 2542 1106 2618 narranda

98 2671 223 2744 erant,
256 2681 393 2731 coram
423 2656 783 2758 Iphigenia->nimis
815 2659 982 2733 verbose
1012 2648 1132 2759 pro-¹

96 2769 311 2857 sementum
353 2796 449 2847 nam
493 2771 563 2847 etsi
603 2772 687 2872 ipsa
726 2771 834 2873 apud
868 2773 1105 2874 Euripidem

97 2886 152 2981 (v.
177 2887 284 2983 544.)
311 2885 474 2962 caedem
499 2885 659 2987 probat:

248 3079 295 3169 oie
320 3069 357 3158 td
380 3076 489 3159 κακὰν
515 3069 651 3164 dirutos
676 3073 930 3189 εἰσεπράξατο.

98 3289 136 3350 et
151 3273 433 3490 {urtinsptiam
454 3277 561 3380 apud
580 3279 798 3355 Pacuvium
818 3277 870 3355 ait
895 3276 1027 3376 (Both.
1043 3279 1111 3354 29:

96 3416 151 3466 no
181 3390 214 3465 is
241 3395 298 3468 17.
330 3398 340 3465 :'

95 3592 267 3680 'Utinam
303 3633 406 3683 nunc
444 3613 670 3683 matre'scnm
702 3605 867 3706 ingenie,
906 3618 948 3679 'ut
979 3607 1103 3682 medm

592 3734 740 3823 patrem
766 3721 895 3795 ulcisci
917 3724 1074 3822 queam!

97 3935 255 4018 Orestes
281 3948 414 4019 tamen
440 3935 525 4038 ipse
555 3935 712 4036 (Eurip.
737 3959 771 4008 v.
797 3934 879 4008 895.
904 3920 1027 4027 ss97ss)=
1110 3977 1125 4027 3
1246 3927 1250 3934 ’
