2566 4432
616 285 687 360 tos

152 454 195 543 ad
218 454 316 524 decus
339 453 422 538 nati,
444 452 602 547 suscepti,
631 451 768 523 instituti
790 455 925 524 sumus?
954 456 1010 552 qui
1032 457 1153 528 clamo·
1247 534 1249 539 ,

150 566 203 629 res
241 557 328 652 vulgi
361 573 458 652 atque
491 557 714 652 imperitorum
747 560 923 628 excitantur
948 560 982 629 in
1010 561 1154 647 theatris,

152 688 254 758 quum
282 663 337 731 illa
368 662 544 732 dicuntur?
594 661 671 756 Ego
696 688 769 731 sum
802 663 945 735 Orestes.
976 681 1153 760 contraque

152 768 194 836 ab
218 767 332 851 altero,
354 768 462 837 Immo
484 767 643 836 enimvero
658 792 718 861 ego
733 793 815 846 sum,
838 767 981 862 iuquam,
1010 769 1155 840 Orestes

154 871 268 962 Quum
292 887 400 942 autem
432 871 528 942 etiam
559 872 658 942 exitus
683 874 723 942 ab
744 886 883 970 utroque
907 874 1002 942 datur
1024 890 1154 944 contur-

152 977 230 1046 bato
256 977 438 1073 errantique
454 977 540 1070 regi:
562 978 660 1045 ambo
675 1002 753 1070 ergo
769 1003 834 1047 urta
849 978 953 1047 vivere
970 1003 1155 1070 precamur.

155 1082 282 1178 quoties
307 1082 371 1151 boc
394 1081 514 1174 agitur,
542 1081 773 1177 ecquandone,
802 1082 866 1153 nisi
888 1083 1155 1154 admirationibus

152 1185 350 1256 maximis‘?“
403 1185 551 1254 Alterum
579 1185 688 1255 locum
719 1213 736 1255 e
767 1187 884 1259 Laelio
915 1212 985 1282 cap.
1015 1196 1045 1262 7.
1073 1189 1157 1258 inte·

122 1353 125 1357 ,
154 1317 248 1384 grum
275 1288 424 1359 dedimus
453 1315 529 1385 pag.
556 1300 610 1366 37.
667 1291 800 1361 Tertius
831 1308 882 1362 est
911 1291 952 1361 de
980 1292 1087 1362 Finib.
1113 1294 1157 1378 Π,

155 1401 215 1469 24:
259 1446 279 1478 „
288 1392 400 1483 Quid?
428 1395 457 1463 si
480 1422 548 1465 non
571 1395 671 1465 modo
694 1396 862 1466 utilitatem
884 1396 942 1466 tibi
963 1398 1086 1467 mdlam
1109 1397 1157 1467 af-

156 1496 253 1581 leret,
276 1497 336 1567 sed
357 1498 500 1568 iacturae
522 1500 569 1569 rei
591 1499 756 1571 familiaris
781 1516 876 1571 emnt
898 1499 1089 1588 faciundae,
1110 1502 1157 1571 la-

153 1603 251 1672 bores
275 1603 484 1697 suscipiendi,
507 1604 693 1672 adeundum
711 1597 796 1672 vitae
811 1606 1006 1698 periculumz
1029 1624 1158 1677 netum

157 1707 288 1802 quidem
311 1722 342 1775 te
364 1706 530 1802 respicies,
554 1723 586 1775 et
609 1707 764 1799 cogitabis
783 1707 844 1776 sibi
861 1734 1021 1804 quemque
1045 1727 1158 1781 natum

104 1839 109 1850 ·
158 1837 249 1896 esse,
279 1826 310 1880 et
333 1813 398 1881 suis
421 1811 664 1906 voluptatibus?
692 1811 808 1880 vadem
831 1828 861 1880 te
886 1812 928 1881 ad
950 1831 1088 1883 mortem
1111 1831 1157 1910 ty·

157 1941 262 1986 ranno
294 1916 386 1985 dabis
416 1943 476 2012 pro
505 1917 627 2001 amico,
656 1932 692 1984 ut
713 1916 938 2011 Pythagoreus
966 1920 1019 1989 ille
1043 1919 1156 1990 Siculo

159 2020 237 2113 lecit
258 2023 418 2116 tyranno?
449 2037 505 2089 aut
526 2019 667 2117 Pylades
692 2049 790 2117 quum
814 2027 876 2106 sis,
905 2023 993 2091 dices
1022 2039 1053 2091 te
1084 2049 1157 2092 esse

133 2123 139 2139 ’
160 2122 331 2209 Orestem,
357 2142 393 2194 ut
414 2124 552 2195 moriare
575 2151 634 2220 pro
659 2128 788 2196 amico?
819 2144 874 2197 aut
903 2128 930 2196 si
959 2153 1048 2197 esses
1073 2126 1157 2196 Ore-

159 2246 243 2315 stes,
265 2230 424 2326 Pyladem
446 2229 625 2313 refelleres,
649 2246 680 2300 te
702 2231 883 2302 iudicares?
913 2248 958 2316 et,
982 2231 1011 2299 si
1032 2232 1066 2300 id
1089 2258 1157 2301 non

158 2337 331 2430 probares,
371 2363 436 2432 quo
469 2336 576 2403 minus
612 2335 707 2403 ambo
741 2363 807 2404 una
840 2337 1055 2419 necaremini,
1089 2342 1159 2406 nou

161 2444 353 2536 precarerc?
398 2446 461 2533 25)
483 2440 625 2509 Faceres
649 2455 685 2507 tu
708 2441 847 2535 quidem,
872 2440 1052 2537 Torquate,
1076 2442 1158 2511 baec

117 2602 120 2609 .
162 2545 299 2615 omnia“
336 2545 477 2627 [scilicet
509 2545 705 2617 contrarium
734 2546 891 2617 suadente
922 2545 1159 2641 Epicureorum

161 2649 356 2744 disciplina]

250 2754 302 2824 De
331 2756 440 2850 priore
468 2754 563 2824 buius
593 2754 765 2848 fragmenti
786 2772 877 2849 parte
905 2753 995 2824 nulla
1022 2772 1072 2826 est
1101 2754 1159 2823 du-

164 2859 293 2944 bitatio;
329 2885 435 2953 neque
463 2859 589 2928 variant
617 2859 792 2928 lectiones.
847 2857 900 2928 De
934 2859 1075 2928 numeris
1113 2875 1159 2928 ta·

163 2992 240 3034 meu
270 2965 432 3058 ambigere
461 2964 546 3032 licet.
592 2962 740 3032 Possunt
768 2963 855 3032 enim
883 2990 955 3032 esse
979 2980 1043 3033 tres
1067 2964 1158 3059 dipo-

163 3070 236 3138 diae
260 3069 458 3154 trochaicae,
482 3068 651 3137 deficiente
676 3084 790 3163 quarta
812 3069 880 3138 sive
904 3068 1039 3138 creticoz
1113 3086 1116 3090 ’

161 3221 246 3321 'Ego
274 3252 347 3295 sum
374 3224 507 3294 Orestes
533 3230 631 3293 turmo
659 3223 818 3294 enimvero
845 3249 905 3319 ego
933 3249 1006 3292 sum
1030 3229 1161 3317 {uquam

764 3328 897 3398 Orestes
920 3369 964 3384 —

165 3485 255 3577 Tum
285 3487 446 3556 emineero
475 3482 654 3553 secundam
684 3484 851 3581 corripiet,
887 3499 941 3553 aut
972 3483 989 3552 i
1017 3510 1162 3580 pronun·

164 3591 281 3661 claudo
313 3592 465 3660 eiicietur.
510 3586 561 3656 Cf.
589 3588 725 3658 Terent.
754 3589 839 3658 Eun.
868 3589 907 3669 ll,
936 3598 967 3673 3,
990 3597 1051 3662 38:
1094 3587 1161 3671 „P.

164 3697 375 3765 Iucdmmode
401 3696 520 3767 hercle.
563 3692 628 3763 Cb.
662 3695 762 3762 immo
789 3694 950 3763 e'm'meero
982 3693 1162 3786 infeliciter.

163 3799 474 3894 Adelph.11,3,r.
524 3803 642 3872 Verum
667 3800 825 3868 emersere
851 3800 889 3868 id
909 3802 1036 3868 demdm
1062 3798 1160 3874 iuvat,

164 3904 309 3998 siquem
331 3907 642 3999 aequomstsacere,
670 3906 699 3974 is
722 3906 912 3999 debesacit.
957 3902 1059 3971 Andr.
1081 3902 1106 3984 l,
1132 3912 1162 3986 1,

165 4013 224 4086 ol:
268 4009 458 4104 Quicquam
485 4010 643 4082 a'dtinere.
670 4011 830 4081 enimvero
856 4013 1040 4099 spectatum
1067 4006 1162 4077 satis.
