2566 4432
675 274 727 352 98

293 447 356 519 Vs.
377 455 409 520 9.
453 444 604 540 Som‘que
630 486 675 499 -
704 440 891 526 volubilem]
926 441 1087 536 Savoque
1117 443 1214 514 u'llom

207 554 335 623 instare
361 551 499 646 globoso
525 574 581 643 pr.
610 548 671 617 vol.
694 545 870 631 Gruterus,
903 546 994 615 cuius
1022 561 1102 616 nota
1127 547 1212 619 baec

95 680 98 685 ’
207 674 271 728 est:
315 654 434 741 „Male
458 671 490 724 et
513 671 626 724 contra
647 651 764 736 libros,
793 650 848 747 qui
878 650 1061 720 rescribunt
1083 650 1217 722 vobabili

207 760 337 846 [Habet
364 774 473 829 tamen
503 756 635 826 volubili
659 755 809 838 Erfurt.].
866 754 999 823 Interim
1027 754 1212 826 mirandum

207 881 258 934 est
279 865 363 934 Mss.
395 886 509 933 omnes
538 861 657 930 habere
681 860 830 954 Soxu'pue
856 859 963 928 instar
988 859 1122 953 globosi
1140 887 1213 932 esse

206 967 394 1050 volubilem,
422 965 467 1034 ita
491 990 570 1033 sane
593 963 734 1032 melioris
757 979 872 1046 notae,
904 962 966 1031 hoc
997 977 1048 1031 est
1076 963 1209 1058 originis

216 1060 414 1141 Germanae.
444 1068 517 1137 libri
546 1068 666 1163 quippe
689 1065 800 1136 Italiae
825 1066 973 1162 quidam,
1001 1083 1058 1135 aut
1074 1072 1210 1159 praedi·

150 1238 152 1243 .
205 1188 283 1246 cont
310 1172 520 1269 interjiciunt,
553 1187 608 1240 aut
636 1171 782 1240 dicunt.“
827 1169 979 1263 Sacrique
1004 1170 1110 1239 ubstor
1136 1175 1208 1266 gl-

204 1280 280 1351 bosi
304 1279 384 1348 dant
413 1277 509 1347 etiam
532 1275 747 1352 Oronienses
770 1274 812 1345 A.
843 1273 885 1344 G.
907 1256 1007 1376 Rcdt
1030 1291 1068 1344 et
1093 1276 1206 1348 addito

204 1408 279 1454 esse
301 1385 412 1452 dicunt
435 1380 548 1449 Turic.
572 1404 624 1473 ap.
648 1377 752 1447 Orell.
791 1378 859 1447 Pro
883 1403 955 1447 esse
976 1378 1145 1448 volubilem
1166 1383 1208 1450 A.

203 1486 304 1556 habet
325 1498 358 1555 et
380 1485 563 1568 volubilem,
589 1483 632 1552 R.
653 1465 687 1585 dv
705 1483 904 1574 praedicant
925 1507 997 1552 esse
1019 1484 1188 1554 volubilem
1194 1511 1208 1565 ,·

203 1590 255 1675 lu,
272 1590 328 1686 qui
340 1587 473 1659 omnino
489 1587 716 1683 interpolatam
729 1585 902 1656 lectionem
917 1586 1059 1681 praebet,
1076 1588 1206 1658 Soxeo·
1260 1602 1264 1609 '

203 1720 265 1790 pue
292 1695 418 1764 t'nstore
447 1693 546 1788 globo
573 1690 780 1785 praedicavit
809 1690 947 1760 volubili.
1006 1689 1207 1786 Scriptorum

203 1799 374 1869 meliorum
412 1797 567 1866 librorum
602 1793 682 1863 W.
719 1793 798 1871 DD.
835 1790 882 1864 'sic
921 1812 1205 1891 transposuerunt:

194 1903 353 1996 dexique
374 1925 448 1970 esse
467 1901 575 1970 instar
591 1898 636 1992 gl.
664 1914 768 1969 metro
800 1897 983 1991 flagitante,
1011 1901 1135 1970 inserto
1157 1914 1203 1970 ta·

203 2034 280 2076 men
298 2006 505 2099 praedicant.
549 2002 635 2072 Mihi
664 2001 769 2073 lenius
793 2003 890 2073 etiam
911 2004 1080 2074 videbatur
1098 2005 1205 2074 instar

120 2179 123 2185 ,
201 2133 275 2181 esse
293 2110 395 2204 gleb„
410 2121 461 2176 ‘ut
481 2108 607 2176 instare
629 2132 646 2177 e
676 2106 871 2202 compendio
899 2107 1005 2178 mutor
1024 2103 1074 2179 e?
1096 2126 1203 2179 ortum

202 2213 253 2282 sit.
298 2209 451 2282 Ceterum
471 2209 651 2280 Lambinus
681 2206 771 2280 dedit
792 2213 952 2306 Savoque
975 2214 1099 2284 emtore
1126 2240 1201 2286 eom

198 2315 336 2411 globoso
354 2339 407 2407 pr.
430 2316 606 2385 volubilm.

200 2460 214 2466 >·
288 2420 350 2490 Vs.
373 2431 405 2495 3.
449 2421 541 2505 Ideo,
563 2444 627 2514 quo
646 2426 787 2504 saxum]
815 2421 864 2488 lta
887 2417 1057 2508 Gruterus,
1079 2424 1200 2495 variam

200 2524 373 2595 lectionem
389 2525 577 2594 adscribens
593 2524 724 2593 nullam.
763 2522 831 2594 Sed
846 2524 879 2592 in
895 2526 1089 2620 quibusdam
1104 2529 1200 2600 codd.

190 2633 259 2719 -·(nt
280 2629 314 2696 in
332 2624 523 2698 Oxoniensi
538 2628 595 2699 illo
610 2629 666 2721 L.)
690 2644 739 2697 est
753 2628 830 2721 quio
842 2654 905 2724 quo
923 2657 966 2708 s..
990 2633 1077 2702 unde
1096 2633 1198 2708 Voss.
1238 2694 1243 2703 ,

199 2756 325 2827 quoquo
354 2758 382 2801 s.
412 2733 552 2826 corrigit.
600 2731 701 2817 „sim
736 2732 856 2830 inquit,
896 2736 979 2805 Ideo
1006 2763 1069 2830 quo
1096 2739 1200 2824 malis,

140 2844 143 2849 ’
198 2835 304 2905 scribe
327 2838 445 2905 cudere
467 2861 506 2907 eo
537 2839 599 2918 [ita
622 2860 674 2932 ap.
698 2836 792 2907 Grnt.
823 2854 855 2907 et
883 2839 917 2908 iu
942 2840 1087 2934 plurimis
1111 2843 1199 2913 libris

200 2956 264 3024 est3
285 2940 398 3034 pauci,
432 2957 466 3008 ut
488 2940 616 3024 Turio,
644 2967 685 3010 eo
707 2945 844 3039 cudere·
870 2966 909 3011 eo
932 2945 1040 3015 omisit
1061 2947 1196 3032 Lamb.]

197 3044 241 3113 ob
262 3057 455 3114 numeros.“
492 3045 632 3115 Botbius
657 3045 753 3114 etiam
774 3043 904 3139 longius
928 3049 947 3117 a
969 3048 1099 3143 vulgata
1120 3052 1198 3120 scri·

196 3163 291 3242 ptura
313 3147 464 3234 discedit,
488 3149 650 3218 scribens:
694 3148 799 3238 Quia,
822 3175 901 3242 quo,
923 3165 959 3220 ut
978 3178 1116 3238 sexum,
1138 3155 1196 3224 irn-

191 3252 314 3344 puleru‘t
325 3255 427 3346 sors,
455 3278 493 3323 eo
522 3256 641 3323 cudere
669 3252 712 3322 F.
741 3277 773 3321 o.
830 3254 891 3322 His
920 3255 997 3352 quid
1025 3256 1197 3345 lucremur,

196 3380 265 3425 non
287 3357 450 3450 intelligo,
472 3374 599 3453 praeter
621 3373 802 3427 contortam
825 3375 1027 3430 structuram.

282 3458 343 3533 Vs.
367 3465 398 3533 4.
444 3463 484 3531 ob
514 3487 587 3532 eom
612 3486 682 3531 rem
703 3486 776 3530 esse
796 3462 938 3548 e'tereout]
968 3466 1009 3534 ob
1031 3489 1059 3534 e.
1080 3491 1106 3535 r.
1128 3491 1195 3536 me·

193 3575 323 3630 morant
349 3562 465 3632 Lamb.
1198 3639 1201 3643 .

202 3708 204 3713 ·
280 3662 342 3734 Vs.
365 3676 396 3740 5.
440 3680 549 3738 autem
577 3669 685 3752 aiunt]
721 3671 814 3740 illem
839 3672 931 3741 aiunt
956 3673 1057 3745 Both.
1084 3687 1196 3745 autem

191 3767 283 3838 illem
303 3771 395 3840 otuu
415 3769 532 3841 hamb.

208 3919 214 3927 ν-
256 3871 338 3943 Νέ.
362 3882 392 3949 7.
414 3884 446 3948 8.
487 3875 670 3946 Fortunam
690 3891 811 3971 negant
832 3906 904 3952 esse
925 3884 1044 3968 ullum
1067 3885 1192 3955 Fortu-

188 4000 266 4046 uom
285 4003 317 4049 u.
340 3977 512 4050 Misen‘om
532 4005 560 4051 e.
577 4006 607 4052 u.
631 3978 801 4069 Gruterus,
824 3987 904 4058 haec
928 3988 1073 4061 addens:
1094 3991 1192 4075 „Mi-
