2566 4432
512 280 514 285 ¹
601 292 674 369 116

134 486 232 561 quam
260 461 524 534 emendationem
545 461 691 556 'Hugoni
718 458 837 531 Grotio
872 460 1067 531 debemus.“
1097 501 1147 514 -

133 569 275 638 Bothius
299 567 443 662 scripsit:
464 593 507 638 oe
527 567 703 658 turpassis.
739 564 905 655 Quicum
928 564 1034 633 addit:
1057 564 1147 648 „Vi-

134 673 219 743 tiose
241 672 386 742 Mercer:
414 672 452 741 πί
470 672 680 762 turpascz‘s,“
703 670 744 741 de
768 670 840 741 solo
864 669 1029 761 torpescis
1051 667 1148 738 ride-

134 794 187 846 tur
215 801 329 870 agere3
360 802 436 846 uam
464 775 597 846 Servius
628 777 671 845 ad
700 775 784 845 Aen.
811 776 868 860 111,
889 783 965 851 686.
982 774 1149 856 adnotat,

134 896 260 952 veteres
284 905 353 950 non
374 905 449 950 raro
471 881 510 948 m'
528 908 587 977 pro
611 907 652 951 ne
680 881 859 976 scripsisse.
905 877 973 948 Sed
1001 876 1150 953 formam

135 984 300 1076 turpascr's
322 981 442 1052 frustra
465 985 648 1055 defenderis
673 985 824 1080 analogia
837 982 954 1053 Futuri
978 979 1059 1050 escit
1081 1006 1147 1075 pro

136 1087 198 1174 erit
220 1112 281 1181 pro
304 1087 366 1157 en't
387 1087 496 1179 (Gell.
518 1088 560 1162 N.
581 1089 623 1160 A.
645 1089 720 1174 XX,
747 1101 774 1174 1,
799 1117 816 1159 e
840 1087 938 1158 duod.
961 1086 1050 1155 sabb.
1073 1083 1149 1155 Cic.

70 1229 75 1236 =
137 1190 179 1259 de
201 1187 306 1284 Legg.
326 1191 368 1277 H,
390 1197 483 1289 24.);
513 1221 590 1265 narn
618 1194 794 1264 indicativo
821 1193 921 1263 modo
952 1189 1059 1259 nullus
1078 1190 1148 1260 'hic

136 1293 240 1370 locus.
1043 1300 1068 1310 ”

225 1399 395 1494 inpriore
417 1428 514 1472 versu
539 1401 646 1473 Grotii
669 1402 827 1473 correctio
851 1428 919 1471 non
945 1400 1040 1470 nimis
1063 1399 1147 1469 faci·

105 1591 108 1597 ἢ
137 1502 177 1573 lis
201 1519 259 1575 est
304 1503 428 1574 Leuius
452 1504 547 1575 fuerit
574 1507 680 1576 mimas
710 1506 964 1587 inexorabilem
992 1522 1061 1574 turn
1089 1529 1149 1574 ca·

19 1684 23 1691 ,
137 1633 210 1677 rere
233 1610 413 1702 poterimus
438 1613 464 1680 d
485 1608 721 1706 ephelcystico,
749 1626 971 1680 tetrametrum
1000 1636 1068 1679 non
1093 1609 1148 1700 in-

139 1728 267 1806 tegrum
298 1728 491 1785 statuentes.
534 1713 642 1809 Aegre
673 1732 783 1784 tamen
811 1715 1030 1785 accusativum
1059 1714 1148 1783 desi·

135 1816 317 1887 'deraveris
362 1815 469 1906 Quid,
498 1817 527 1888 si
557 1817 687 1889 Graeco
716 1819 877 1889 vocabulo
904 1843 984 1887 usus
1014 1819 1056 1890 sit
1077 1817 1147 1887 Pa·

140 1921 275 1993 curius?

204 2029 208 2036 ’
238 2111 240 2115 ,
341 2068 387 2082 ·-
407 2025 552 2097 nemesin
573 2027 776 2096 exorabilem

227 2129 341 2200 Famis
363 2171 408 2183 —

140 2232 317 2310 vocabula
340 2230 471 2304 alterius
494 2231 641 2329 linguae,
671 2260 755 2332 quae
783 2230 948 2306 mutuatur
967 2233 1149 2321 Pacuvius,

142 2363 220 2418 sunt
240 2347 338 2417 haec:
367 2341 545 2446 καμπτῆρ
574 2345 680 2439 (Atat.
701 2352 757 2422 24.
800 2346 888 2418 Vide
910 2363 985 2453 ¹not.
1008 2347 1147 2436 Boiu).

142 2451 257 2561 αἰθήρ
292 2457 431 2555 (Chrys.
452 2468 485 2535 2.
506 2457 594 2534 Vide
619 2482 815 2553 suprapag.
838 2461 890 2534 84.
915 2457 1030 2554 Chrys.
1056 2467 1147 2549 15.).

137 2567 439 2662 paedagogandum
462 2562 586 2656 (lliona
609 2567 661 2655 2.)
682 2556 847 2654 sceptrum
870 2564 967 2652 (ibid.
992 2573 1055 2655 a).
1077 2589 1148 2633 me·

142 2673 279 2743 retrices
301 2668 453 2740 diobolae
474 2667 604 2757 (Incert.
620 2674 701 2755 30.).
733 2666 779 2735 At
801 2669 913 2762 quidni
936 2669 1014 2737 dixit
1035 2669 1148 2738 iram?

113 2776 116 2780 ’
143 2774 272 2873 Nempe
297 2775 395 2844 ctiam
418 2771 621 2864 sacrilegium
643 2771 758 2866 punire
783 2773 995 2841 constituerat
1017 2772 1147 2843 Thoas.

237 2877 402 2951 Vanitedo
425 2892 476 2946 est
495 2875 717 2945 inconstantia
741 2876 883 2961 consilii,
912 2878 1058 2972 utapud
1074 2875 1147 2946 Cic.

142 2981 219 3057 Nat.
241 2981 285 3051 D.
306 2981 347 3068 li,
371 2992 440 3056 QL:
485 2978 610 3065 „Nulia
634 2978 671 3047 ¹iu
701 2980 795 3051 coelo
824 2983 1053 3066 nectareum,
1082 3008 1146 3052 nec

144 3087 322 3166 temeritas,
353 3113 415 3156 nec
439 3086 574 3168 erratio,
604 3111 665 3154 nec
688 3085 814 3155 vanitas
837 3086 936 3170 inest,
967 3103 1146 3180 contraque

144 3195 250 3265 omnis
285 3192 384 3275 ordo,
417 3189 550 3272 veritas,
583 3187 683 3272 ratio,
722 3190 948 3275 coustantia;“
982 3191 1038 3258 ubi
1071 3217 1148 3262 cum

144 3297 292 3390 singulae
312 3296 485 3366 verborum
508 3293 661 3363 notiones
684 3291 768 3362 inter
791 3319 826 3363 se
851 3310 1068 3390 opponantur,
1089 3320 1147 3364 va-

143 3402 228 3471 nitas
251 3399 453 3471 constantiae
478 3397 630 3494 opposita
654 3412 712 3467 cst.
769 3397 935 3479 Thoantis
956 3398 1147 3469 inconstan-

143 3505 188 3576 tia
217 3505 251 3574 in
281 3531 320 3575 eo
349 3505 458 3599 posita
487 3502 598 3588 fuerit,
633 3502 739 3598 quod,
775 3530 849 3573 cum
879 3520 975 3573 antea
1002 3505 1148 3575 alterutri

143 3609 272 3704 veniam
296 3608 523 3693 concessisset,
547 3607 612 3676 iam
635 3608 689 3676 ubi
711 3624 847 3704 uterque
866 3625 1008 3707 ‘mortem
1030 3636 1147 3705 preca-

144 3731 206 3798 tur,
228 3711 374 3784 adhunc
396 3711 570 3798 „exitum“
586 3711 812 3807 accipiendum
826 3714 954 3785 videtur
967 3713 1131 3811 proclivis.
