2566 4432
624 212 670 287 ll

144 390 301 495 liquiae.
355 386 529 467 Fabulae
559 385 658 476 eius,
692 409 714 462 e
746 383 893 487 quibus
923 383 1142 487 fragmenta

145 507 198 584 ad
222 532 298 584 nos
322 508 596 609 pervenerunt,
619 512 774 602 praeter
795 501 1032 602 Duloresten,
1059 530 1143 582 me·
1205 494 1207 501 ’
1270 525 1273 535 ·

144 635 356 698 morantur
392 618 482 693 hae:
511 615 716 703 Anolu'ses,
748 615 922 717 Antiopa
943 620 1026 716 2³),
1065 621 1143 697 Ar.

146 764 304 813 morum·
322 735 516 819 iudicium,
541 731 733 808 Atalanta
753 730 830 828 ²⁴),
860 730 1028 834 Chrysea,
1048 735 1143 811 Her-

145 851 296 935 miona,
321 849 464 935 Iliona,
487 847 628 924 Medea
646 849 684 895 ²⁵
698 843 733 944 ),
763 845 899 946 Niptra
918 843 1002 944 ²⁶),
1032 849 1144 925 Pau-

144 966 224 1048 lus,
262 960 463 1047 Periboea,
503 961 649 1037 Teucer.
714 962 892 1048 Caetera,
923 986 1026 1063 quae
1057 988 1142 1041 non
1258 971 1262 977 ’

144 1075 341 1177 adscripto
370 1073 528 1152 fabulae
552 1075 719 1150 nomine
744 1088 891 1150 exstant
914 1073 1142 1174 fragmenta,

144 1215 229 1267 non
262 1191 400 1267 omnia
434 1186 484 1266 ad
513 1187 599 1264 illas
630 1186 766 1264 referri
791 1203 975 1289 possunt,
1000 1191 1070 1267 sed
1097 1217 1142 1269 ea

140 1304 284 1407 partim
311 1304 363 1381 ad
389 1303 481 1381 alias
500 1302 680 1379 eiusdem
696 1300 858 1388 fabulas,
878 1315 1050 1402 quarum
1069 1329 1143 1380 no-

139 1419 251 1495 mina
275 1418 495 1521 perierunt,
519 1416 756 1518 pertinuisse
780 1418 1047 1493 necessarium
1075 1434 1140 1495 est.

138 1660 214 1791 tate,
238 1709 411 1773 Terentium
436 1718 500 1767 arte
525 1708 642 1769 vincere
665 1705 759 1784 dicit).
803 1704 901 1767 Vellei.
920 1706 1032 1768 Patere.
1052 1709 1093 1784 ll,
1112 1713 1142 1771 9.

134 1806 198 1869 'Cui
223 1806 420 1880 adde1‚17:
450 1835 515 1880 „-
538 1801 569 1861 in
588 1799 679 1861 Accio
700 1801 831 1882 circaque
850 1822 915 1862 eum
934 1802 1065 1864 Romana
1083 1816 1143 1866 tra-

141 1901 246 1985 goedia
265 1900 337 1961 est.“

221 2030 281 2110 23)
320 2031 483 2109 Antiopam
501 2029 536 2089 ad
556 2049 602 2090 eas
621 2027 768 2110 pertinere
787 2026 904 2107 fabulas,
917 2049 986 2111 quas
999 2029 1035 2091 de
1049 2029 1143 2094 Grae-

142 2125 183 2189 cis
201 2126 356 2208 expressit,
375 2125 456 2188 testis
474 2136 519 2186 eet
538 2124 600 2186 Cic.
620 2124 683 2184 Pin.
703 2125 733 2201 l,
752 2125 781 2184 2.

222 2259 281 2336 24)
322 2257 405 2318 Hanc
431 2255 554 2318 fabulam
577 2256 691 2318 Nonius
715 2280 742 2318 v.
763 2259 977 2337 praegreditur
1000 2258 1054 2320 sub
1086 2281 1142 2322 uo-

140 2355 217 2417 mine
242 2352 356 2415 Tantali
381 2352 491 2430 laudat,
516 2352 592 2413 unde
618 2351 793 2413 recentiores
815 2351 987 2433 peculiarem
1018 2355 1142 2418 fabulam

142 2452 307 2513 Tantalum
331 2449 361 2509 in
387 2447 548 2534 catalogum
574 2457 756 2529 receperunt.
812 2447 949 2510 Ceterum
975 2449 1050 2532 apud
1076 2451 1140 2512 No-

139 2546 221 2609 nium
247 2544 449 2629 corrigendum
474 2542 589 2606 videtur
611 2543 782 2615 Atalanta,
808 2546 902 2622 quod,
926 2556 961 2606 ut
986 2544 1061 2607 bene
1080 2545 1142 2610 aui-

140 2641 330 2702 madvertitur
354 2639 384 2699 in
409 2638 539 2701 Elencho
564 2637 654 2700 Nonii
674 2637 844 2700 Mercariani
863 2662 893 2720 p.
913 2640 988 2718 578,
1014 2643 1141 2704 errarent
1236 2723 1239 2728 Ι

141 2738 189 2798 rel
211 2737 277 2812 ipm
304 2738 388 2796 rerba
413 2736 458 2795 ibi
480 2736 542 2815 loci
563 2736 675 2809 citata,
701 2757 777 2812 puae
800 2736 953 2812 aptissime
977 2751 1140 2820 congruunt

138 2832 316 2893 Atalantae.
360 2830 407 2892 De
427 2829 538 2912 Chryse
557 2829 631 2889 iufra
650 2829 779 2892 diximus.

218 2963 277 3042 25)
317 2963 376 3024 Pro
403 2964 511 3024 Medea
536 2960 584 3023 alii
606 2963 726 3023 Medum
745 2963 910 3039 nominant,
934 2965 975 3027 ita
993 2977 1028 3027 ut
1047 2964 1139 3027 adhuc

137 3057 255 3119 dubium
280 3058 332 3134 sit,
355 3080 424 3119 num
454 3071 606 3140 utramque
631 3080 668 3119 an
688 3058 853 3124 alterutram
873 3063 1040 3124 tractaverit
1059 3060 1141 3122 sabu-

97 3236 107 3247 .
137 3152 194 3215 lam
219 3154 368 3216 Pacuvius.
413 3153 486 3214 Mihi
509 3154 645 3216 videntur
669 3155 705 3216 ad
729 3156 860 3218 Medeam
885 3157 1047 3239 pertinere,
1068 3177 1140 3237 quae
1243 3231 1247 3244 .

136 3247 190 3310 sub
215 3248 322 3332 duplici
347 3249 404 3312 hoc
428 3249 544 3311 nomine
569 3249 720 3313 laudantur
745 3252 918 3334 fragmenta,
943 3273 1037 3332 neque
1065 3252 1141 3312 enim

136 3343 233 3423 video,
252 3366 304 3406 eur
323 3346 420 3428 potius
439 3346 475 3408 ad
493 3366 608 3407 soccum
629 3368 694 3408 curn
713 3346 832 3425 Delrio,
853 3368 952 3428 quam,
971 3360 1012 3423 ut¹
1024 3368 1059 3408 ex
1071 3347 1139 3431 ipsis

136 3451 232 3522 patet,
251 3441 287 3502 ad
307 3442 481 3504 cothurnum
501 3463 534 3504 ea
553 3443 685 3507 referam.

215 3562 274 3644 26)
293 3565 373 3627 Haec
385 3587 600 3647 nonnumquam
613 3567 730 3628 nomine
743 3567 864 3644 Niptris
878 3566 1017 3645 laudatur,
1031 3569 1080 3650 qui
1094 3589 1142 3629 er-

136 3679 190 3722 ror
202 3672 284 3723 ortus
297 3682 358 3724 esse
370 3662 485 3725 videtur
498 3685 533 3724 ex
547 3662 670 3725 ablativo
684 3663 807 3724 nominis
826 3663 911 3726 variis
933 3664 1003 3725 locis
1024 3664 1137 3725 laudato

135 3755 199 3818 eine
217 3755 273 3818 alio
293 3758 496 3822 additamento.
535 3761 614 3821 Haec
633 3759 728 3821 fabula
748 3760 891 3843 Odysseae
913 3760 986 3823 diem
1007 3759 1139 3820 ultimum

136 3852 280 3915 tractavit.
322 3851 388 3928 Qua
407 3854 443 3917 de
462 3876 505 3932 re,
524 3868 558 3918 ut
578 3856 614 3919 de
634 3856 753 3942 singulis
772 3855 1007 3939 praecedentibus
1028 3855 1140 3932 fabulis,

136 3946 220 4029 plum
240 3948 373 4013 dicentur
393 3972 446 4013 suo
467 3952 544 4014 loco.
