2566 4432
622 1303 644 1362 1.

137 1403 331 1536 Murcus
347 1461 547 1533 Pronurus
564 1467 680 1531 natus
700 1471 758 1532 est
767 1458 969 1537 Brundisii
983 1453 1019 1552 1)
1037 1455 1138 1534 circa

137 1602 290 1654 annum
321 1575 441 1652 Urbis
467 1570 650 1649 conditae
676 1575 1042 1674 quingentesimum
1071 1580 1139 1655 tri-

137 1692 336 1789 gesimum
363 1701 560 1788 quartum,
578 1701 667 1762 ante
686 1688 889 1764 Christum
907 1706 1045 1768 natum
1064 1691 1138 1769 du-

138 1803 402 1882 centesimum
426 1800 663 1896 vigesimum
683 1799 730 1895 2),
757 1800 897 1877 eadem
915 1806 1040 1905 patria
1058 1831 1163 1908 qua.

138 1914 313 2013 Quintus
336 1912 490 1988 Ennius
514 1911 737 2001 Rudiensis,
763 1916 876 1992 cuius
902 1943 1041 1995 sorore
1061 1918 1139 1995 fuit

137 2018 294 2131 genitus
314 2027 366 2126 3).
422 2029 484 2118 De
517 2025 602 2104 eius
634 2027 870 2106 educatione
894 2032 995 2109 nihil
1019 2033 1138 2111 nobis

136 2215 338 2236 μ

218 2322 260 2403 1)
298 2321 494 2402 Hieronymus
519 2316 550 2378 in
571 2316 682 2380 Chron.
701 2317 807 2381 Enseb.
820 2342 849 2402 p.
865 2319 1139 2395 138‚n.et.13ur-

137 2418 222 2506 digai.
241 2419 335 2495 1604,
354 2415 406 2477 fot.
445 2415 480 2474 In
500 2414 544 2476 ed.
563 2414 674 2476 Veron.
695 2417 782 2479 1740.
800 2438 831 2498 p.
851 2418 920 2479 576.

217 2550 258 2631 2)
298 2548 360 2612 Cic.
388 2549 512 2622 Brutus,
532 2548 584 2608 64:
605 2546 803 2629 „Quanquam
822 2549 851 2609 id
873 2548 986 2630 quidem
1007 2549 1140 2615 omnihus

136 2634 309 2709 usuvenire
328 2665 443 2706 necesse
463 2643 533 2718 fuit,
559 2641 662 2736 quibus
680 2643 767 2724 paulo
788 2643 906 2729 longior
923 2644 981 2707 vita
1006 2645 1141 2732 contigit,

137 2754 173 2803 nt
192 2754 223 2802 et
242 2763 305 2801 curn
325 2739 418 2800 multo
439 2737 594 2798 maioribus
613 2750 698 2814 natu,
719 2761 801 2820 quam
822 2753 916 2802 essent
935 2739 1003 2822 ipsi,
1023 2754 1139 2806 etcum

137 2836 284 2917 aliquanto
308 2832 466 2896 minoribus
491 2845 735 2913 compararentur.
774 2835 818 2896 Ut
836 2832 941 2897 Accius
959 2834 1059 2898 iisdem
1077 2835 1140 2901 Ae-

138 2930 243 2993 dilibus
261 2929 302 2991 ait
321 2953 351 2992 se
371 2942 403 2992 et
420 2929 575 2991 Pacuvium
595 2929 724 2991 docuisse
744 2928 881 3008 fabulam,
901 2952 966 2992 cum
985 2931 1035 2994 ille
1054 2945 1139 2995 octo·

138 3027 228 3112 ginta,
246 3027 307 3108 ipse
327 3025 445 3109 triginta
464 3043 553 3085 annos
573 3034 656 3083 natus
676 3027 777 3086 esset“
820 3022 913 3106 Atqui
931 3025 1036 3089 Accius
1054 3040 1139 3092 natus

137 3134 182 3184 est
206 3122 393 3204 (Hieronym.
416 3121 445 3181 in
472 3119 583 3182 Chron.
610 3119 717 3180 Euseb.
744 3119 792 3184 01.
817 3120 928 3201 CLX.)
956 3122 1083 3186 Serrano
1106 3134 1138 3187 ct

136 3216 271 3279 Mancino
291 3216 373 3279 Coss.
393 3216 432 3277 A.
451 3217 490 3276 U.
510 3215 580 3277 584.
598 3213 637 3276 Α.
647 3215 717 3277 Chr.
728 3217 796 3279 170.

215 3349 255 3428 3)
294 3348 369 3410 Plin.
390 3348 418 3409 h.
437 3369 466 3410 n.
487 3348 620 3426 XXXV,
638 3351 681 3411 4.:
701 3347 862 3426 „Proxime
880 3347 1024 3412 celebrata
1042 3351 1136 3415 estin

137 3443 204 3505 foro
229 3444 332 3504 boario
357 3444 426 3505 aede
450 3444 583 3507 Herculis
607 3443 724 3507 Pacuvii
746 3444 855 3504 Potitae
878 3442 1000 3526 pictura.
1048 3446 1137 3509 Ennii
1263 3444 1265 3449 ’

137 3557 239 3602 sorore
259 3538 373 3622 genitus
392 3537 439 3600 hic
458 3538 523 3616 fuit,
543 3539 749 3621 clarioremque
766 3558 827 3598 earn
841 3551 932 3600 artem
944 3541 1055 3604 Romae
1067 3543 1137 3606 fecit

137 3632 230 3718 glorta
256 3636 386 3697 scenae.“
430 3629 626 3718 HIeronymus
651 3635 766 3715 quidem
793 3632 812 3695 l.
837 3633 857 3694 Ι.
882 3636 1024 3714 (numero
1044 3637 1137 3701 Ense·

136 3727 222 3790 biano
248 3729 458 3806 MDCCCLX‚
478 3729 654 3814 Olympiadis
675 3729 776 3792 CLVI.
802 3751 878 3792 anno
898 3732 948 3794 IV.
968 3733 1015 3796 vel
1033 3754 1135 3795 secun-

137 3823 205 3885 dnm
224 3823 260 3886 al.
281 3826 349 3887 Mss.
362 3828 430 3902 156,
449 3826 505 3906 3.):
529 3825 687 3904 „Pacuvius
706 3825 903 3888 Brundusinus
921 3828 1134 3912 tragoediarum

136 3917 263 4000 scriptor
281 3918 373 3982 clarus
392 3920 523 3983 habetur.
569 3919 658 3980 Ennii
675 3925 781 4002 poetae
800 3943 835 3983 ex
854 3921 911 3984 filia
930 3942 1032 4005 nepos,
1048 3921 1135 3986 vixit-

137 4034 195 4094 que
219 4013 329 4076 Romae
354 4016 448 4098 quoad
473 4017 614 4099 picturam
639 4016 770 4079 exercuit
786 4038 821 4080 ac
838 4016 955 4079 {thuias
974 4015 1159 4079 sentiunt.

846 4115 909 4187 p.
