2566 4432
571 264 677 338 ,96

149 431 303 503 Ceterum
325 429 479 503 Enniano
498 433 608 528 glorio
635 431 819 503 defenditur
845 431 940 502 simul
954 432 1061 527 fanto
1081 430 1151 502 Pa-

149 538 233 607 cuvii
255 537 409 607 adversus
434 537 644 631 Scaligerum

235 642 361 737 Exigua
385 641 568 740 difficultate
598 658 803 738 premuntur,
833 667 915 736 quae
939 641 1041 712 Voss.
1069 668 1149 713 cou-

147 746 313 841 iungenda
335 747 470 817 monuit.
515 747 601 818 Nam
622 763 659 816 ut
681 748 721 817 de
751 747 909 842 scriptura
931 748 1071 839 amplius
1099 763 1148 814 ta·

149 878 258 935 ceam,
287 878 370 946 quae
401 878 500 920 sensu
530 868 630 935 caret,
661 853 763 922 etde
793 851 947 947 particula
977 863 1027 934 et,
1063 875 1147 946 quae

125 959 330 1026 'coniunctis
357 957 501 1026 versibus
530 955 659 1027 tolerari
687 983 756 1026 non
784 973 907 1051 potest,
936 955 1147 1050 aScaligero

146 1062 285 1156 primum
323 1061 442 1131 deleta:
477 1057 605 1130 Nonius
634 1061 815 1131 Pacuvium
850 1060 927 1130 dicit
963 1060 1146 1132 masculino

147 1192 265 1261 genere
294 1190 389 1235 usum
419 1168 641 1259 essesronte,
672 1168 760 1235 eum'
775 1165 935 1236 Varronis
963 1165 1035 1234 libri
1067 1191 1146 1235 eon·

146 1272 288 1341 sentiant
317 1272 350 1340 in
380 1283 548 1363 caperato.
595 1269 663 1339 Sed
691 1271 719 1339 si
749 1269 983 1365 adstipulamur
1008 1269 1146 1354 vossio,

146 1378 286 1446 eundern
314 1375 424 1444 locum
453 1376 579 1468 utrique
608 1375 787 1457 obversari,
825 1393 857 1444 et
884 1375 971 1468 apud
1000 1368 1146 1443 Nonium

144 1479 319 1572 legendum
338 1505 410 1548 esse
426 1493 592 1570 caperato
614 1505 682 1548 uon
704 1495 812 1546 tamen
835 1478 1019 1548 necessario
1035 1477 1146 1547 Varro

145 1609 275 1680 quoque
301 1585 387 1653 idem
413 1610 514 1679 genus
546 1584 652 1665 dedit:
682 1583 708 1652 is
741 1583 923 1675 enimnon
953 1583 993 1651 de
1023 1607 1147 1676 genere

144 1687 306 1759 hocloco
331 1690 414 1782 agit,
446 1690 504 1758 sed
533 1689 573 1757 de
605 1687 729 1779 origine
757 1685 921 1769 vocabuli3
949 1713 1146 1784 quamquam

145 1794 242 1863 etiam
272 1793 407 1878 librarii,
437 1821 509 1863 eum
535 1794 575 1863 de
605 1818 723 1887 genere
750 1789 830 1858 nihil
858 1791 1016 1881 monitum
1046 1809 1144 1878 esset,
1205 1792 1210 1807 '

145 1900 187 1967 ad
214 1897 420 1982 femininum,
457 1898 545 1992 quod
575 1897 706 1990 vulgare
741 1911 806 1979 est,
841 1912 1018 1990 potuerunt
1049 1897 1144 1967 facile

144 2002 261 2073 delabi.
303 2003 416 2098 ltaque
439 2001 637 2071 coniunctim
660 2000 706 2069 sic
727 1999 881 2094 legimus:

142 2143 304 2234 ‘Amplus,
327 2141 504 2209 rubicundo
526 2140 648 2224 colore,
670 2148 783 2233 spectu
800 2143 1088 2236 protervoserox,

148 2249 236 2316 Voce
257 2252 452 2336 suppresso,
474 2257 629 2337 caperato
638 2246 774 2340 fro‘nte,
798 2246 885 2314 voltu
905 2246 1049 2338 torpido·

230 2384 363 2454 Retinui
384 2385 531 2476 torpide,
561 2400 673 2478 utpote
701 2385 855 2454 librorum
877 2383 1054 2480 scripturae
1076 2399 1142 2455 tur-

134 2490 254 2582 pitudo
276 2490 471 2585 proximum,
500 2506 585 2558 recte
614 2489 692 2567 illud
715 2489 889 2559 formatum
917 2513 936 2556 a
958 2491 1078 2582 turpis,
1106 2507 1143 2560 ut

138 2594 296 2689 gravidus
321 2610 371 2664 est
393 2617 412 2660 a
431 2595 552 2687 gravis.
584 2594 697 2663 Minus
720 2595 827 2688 placet
847 2594 977 2664 turbido
983 2620 997 2675 ,·
1019 2595 1141 2665 etenim

141 2724 210 2767 non
257 2698 336 2766 illud
387 2699 559 2792 significari
606 2700 754 2776 videtur,
807 2698 970 2768 Thoantis
1016 2697 1141 2768 vultum

23 2837 26 2845 >
141 2821 210 2872 turn
232 2803 338 2896 ipsum
360 2803 394 2870 in
418 2829 490 2872 eam
513 2805 656 2900 speciem
678 2804 812 2887 mutari,
841 2803 900 2873 sed
923 2802 964 2872 de
986 2803 1139 2875 universo

140 2907 253 2977 habitu
276 2906 499 3001 accipiendum
523 2935 654 2979 censeo.
697 2907 891 3002 Aegisthum
913 2925 1022 2977 autem
1043 2907 1140 2978 intel·

139 3011 195 3104 ligi
233 3013 284 3081 vix
320 3013 485 3106 patiuntur
518 3011 691 3107 Aeschylei
728 3037 840 3081 versus
880 3010 1029 3106 Chohph.
1061 3021 1140 3087 300.

138 3114 182 3194 ro*
204 3116 257 3215 μνῗ
280 3115 442 3206 πολίτας
466 3111 737 3208 εὐκλεεστάτους
752 3121 888 3228 βροτῶν
905 3115 1031 3226 Τροίας
1050 3119 1138 3197 α’νεν-

138 3233 321 3338 σνανῖῐρνις
347 3225 480 3333 auidior
508 3228 608 3338 φρενὶ,
633 3232 731 3311 Δννΐν
754 3234 931 3333 γυναικοῖν
956 3224 1019 3311 itt’
1043 3233 1139 3313 δεῖν·

136 3339 237 3434 κόννς
261 3339 392 3424 πέλειν.
444 3343 583 3424 otnero
606 3344 680 3453 ’γεὲν
707 3343 808 3456 φρήν·
833 3349 862 3426 εἰ
885 3336 924 3426 ii
946 3343 1019 3444 ut,
1044 3341 1138 3451 τάχ’

136 3452 277 3540 etherei.
334 3466 477 3556 Torpido
499 3490 541 3534 ne
564 3491 675 3534 verum
696 3482 865 3560 putemus,
888 3466 997 3535 obstat
1019 3465 1138 3560 opinor

134 3582 248 3659 spectu
276 3581 432 3661 protervo
451 3571 579 3662 ,serum
612 3593 690 3637 nam
723 3569 869 3666 torpidus
901 3585 933 3637 et
965 3586 1135 3664 protervus

134 3698 233 3741 nemo
255 3671 349 3742 facile
373 3674 468 3743 simul
494 3673 597 3745 suerit
641 3673 785 3745 Vossius
813 3689 942 3756 monet,
970 3675 1134 3768 „primam

133 3775 168 3845 in
186 3788 359 3868 protervus
382 3778 528 3873 produci,
552 3796 666 3849 contra
689 3805 786 3875 quam
800 3777 999 3872 posteriores
1016 3779 1135 3850 solent.

64 3949 65 3953 ,
134 3880 189 3951 Sic
218 3880 327 3950 Ennio
356 3881 390 3950 in
420 3880 572 3979 Telepho
603 3884 726 3974 (Both.
753 3881 793 3953 fr.
825 3889 878 3972 5.)
906 3901 1057 3978 porrecta
1085 3901 1136 3955 est

132 3985 238 4079 prima
260 3983 296 4054 in
313 3988 512 4082 prefiteor.“
551 3987 658 4083 Ipsius
682 3987 772 4059 vocis
790 3999 964 4080 protervus
987 3987 1135 4085 exempla

1075 4091 1133 4161 ad-
