2566 4432
637 252 688 326 92

156 421 260 495 Scriv.
281 423 419 494 Hiceisoe
439 421 508 500 Ιιίε,
539 419 629 517 quod
651 417 739 489 unde
762 416 951 503 sumserint,
977 441 1047 488 non
1068 417 1163 488 intel·

156 528 236 623 ligo.
280 527 383 600 Scriv.
413 542 583 622 praeterea
610 548 705 619 quoe.
748 521 931 619 Utrumque
960 523 1080 594 rectius
1105 522 1162 593 de·

158 631 206 703 dit
228 632 329 704 Voss.
357 634 392 701 in
416 629 563 723 Castigg.
590 656 623 725 p.
650 638 703 706 89.
730 627 817 709 ,sed
845 629 933 699 idem
960 627 1165 725 transposuit

154 737 268 832 gratio
277 739 419 836 samoe,
449 735 544 805 metri
570 748 686 818 causa,
713 751 751 804 ut
779 734 919 819 videtur,
947 750 1033 804 recte
1063 731 1164 802 refra-

157 858 257 936 gante
272 842 408 926 Bomio,
431 839 487 936 qui
510 838 602 908 dicit:
625 838 904 924 „Pronuntiatum
920 838 1046 934 gratio,
1070 837 1165 934 quasi

158 962 248 1016 esset
265 951 388 1045 gratja,
409 970 479 1014 non
500 944 642 1014 incurret
664 946 698 1013 in
715 967 880 1028 numeros,
902 969 1009 1040 neque
1025 968 1164 1014 necesse

158 1067 210 1121 est
232 1050 328 1120 scribi
347 1048 636 1145 grotr‘usomoe.“
682 1047 949 1145 Synecphonesis
975 1048 1048 1132 illa,
1075 1047 1164 1143 apud

160 1153 310 1226 Graecos
336 1154 433 1224 etiam
457 1153 611 1248 exemplis
635 1153 759 1224 affatim
781 1153 906 1222 munita
928 1161 978 1242 (v.
992 1151 1107 1222 Herm.
1130 1153 1164 1221 in

157 1260 297 1331 Elemm.
329 1260 432 1329 doctr.
465 1273 558 1327 metr.
580 1283 613 1352 p.
636 1267 679 1331 53
701 1263 813 1354 sqq.)‚
845 1256 975 1327 Latinis
1010 1256 1164 1352 exemplis

157 1392 227 1436 nou
251 1380 336 1458 eget.
379 1364 484 1431 Immo
515 1361 739 1435 necessarium
769 1361 878 1433 iudico
909 1362 1047 1433 retinere
1078 1362 1164 1432 ordi·
1190 1376 1193 1381 '

157 1495 235 1540 nem
263 1467 318 1564 qui
347 1466 435 1561 apud
458 1463 603 1535 Nonium
633 1465 773 1550 obtinet,
803 1493 877 1535 cum
908 1467 956 1536 vis
983 1467 1164 1538 sententiae

159 1573 222 1641 sita
245 1569 286 1639 sit
309 1569 343 1639 in
365 1596 444 1639 voce
461 1569 598 1665 samoe.
641 1569 793 1664 Denique
802 1572 944 1663 formae
964 1598 1024 1667 pro
1038 1574 1166 1666 famae

159 1677 250 1771 dedit
270 1676 362 1747 Dclr.
386 1676 475 1745 etin
497 1673 643 1768 margine
667 1673 780 1758 Scriv.,
803 1700 887 1771 quae
906 1675 1064 1772 Scaligeri
1086 1703 1165 1747 con-

156 1782 280 1853 iectura
316 1798 366 1852 est
400 1780 443 1848 ad
470 1779 658 1851 Varronem
693 1807 724 1874 p.
754 1783 829 1855 948.
864 1782 1164 1874 (Wuestemanno

158 1887 247 1982 apud
270 1886 430 1966 Bothium
451 1901 607 1956 monente
629 1885 664 1953 in
688 1884 828 1954 eandem
857 1889 1094 1959 correctionem
1115 1890 1165 1959 in·

158 1991 236 2061 cidit
269 1991 386 2059 Petrus
424 1988 619 2058 Ciacconius
655 1990 698 2059 ad
728 1988 861 2087 Sallust.
891 1990 988 2062 Catil.
1022 2019 1095 2088 cap.
1124 2007 1166 2078 t.;

157 2095 221 2164 nisi
244 2093 448 2188 Scaligerum
471 2093 640 2165 nominare
670 2094 723 2164 ille
752 2098 965 2190 supersedit).
1008 2098 1085 2169 Hoc
1110 2125 1167 2169 cnr

156 2199 290 2273 minime
313 2201 508 2293 probemus,
533 2199 741 2295 exposuimus
769 2201 812 2270 ad
834 2229 868 2270 n.
889 2202 1014 2273 XVIII.

252 2302 386 2387 Omnis]
409 2303 458 2373 Ita
474 2305 578 2381 Merc.
606 2304 728 2375 Omnes
752 2304 839 2375 lens.
853 2305 930 2377 Par.
953 2307 1077 2379 omneis
1093 2309 1167 2379 Iun.

374 2627 492 2703 XVII.
543 2625 679 2722 (Both.
705 2627 844 2705 Dulor.
869 2630 951 2729 29.)

247 2840 377 2915 Nonius
399 2868 433 2936 p.
456 2849 528 2916 137.
551 2842 673 2912 Mero:
717 2847 967 2932 ‚‚Motrescom‚
989 2851 1101 2919 matris
1125 2851 1166 2919 si·

158 2947 242 3019 milis
266 2947 365 3037 (Par.
387 2947 490 3016 matri
507 2947 648 3038 similis)
673 2949 764 3018 fiam:
787 2951 952 3021 Pacuvius
972 2952 1165 3026 Duloreste:

166 3054 301 3123 Πίὺιιιιη
329 3077 413 3123 nunc
434 3063 633 3121 matrescum
661 3053 806 3148 eugenio,
833 3069 868 3125 ut
897 3083 1005 3127 meum
1030 3073 1167 3152 patrem

158 3158 275 3230 ulcisci
292 3184 419 3251 queam.

245 3337 347 3403 nunc]
371 3345 437 3388 non
458 3319 535 3390 Par.
579 3322 617 3390 Ιιι
642 3321 756 3390 ceteris
780 3324 868 3393 nulla
892 3327 1040 3395 varietas.
1073 3326 1167 3398 Delr.

159 3443 191 3497 et
219 3424 322 3495 Scriv.
358 3423 447 3493 illam
474 3450 588 3494 versus
623 3426 816 3496 divisionem
851 3448 995 3524 ponunt,
1030 3432 1072 3503 de
1101 3459 1167 3530 qua

156 3528 344 3603 Vossiusl.
369 3556 397 3598 c.
423 3556 456 3625 p
478 3540 547 3606 92:
592 3529 697 3616 „Non
722 3533 859 3620 damno,
890 3537 918 3604 si
941 3537 1066 3607 dividas
1089 3554 1168 3633 post

152 3657 217 3739 poi
217 3669 302 3720 rem,
326 3657 362 3709 ut
384 3640 602 3736 fragmentum
627 3674 664 3716 ex
686 3646 816 3716 senario
841 3646 902 3731 sit,
933 3645 1169 3744 quomodove

156 3781 275 3853 queam
305 3742 590 3849 μονοσῦλλωβον
611 3761 682 3848 fict;
714 3758 774 3828 sed
802 3758 883 3828 nihil
902 3761 999 3830 etiam
1020 3762 1166 3858 impedit,

158 3860 359 3983 quominus
389 3859 432 3930 sit
449 3862 640 3933 trochaicus
671 3864 848 3961 quadratus
877 3866 1102 3956 catalecticus,
1131 3885 1167 3938 ut

121 3984 198 4036 ’ῐο
228 3999 337 4047 mem
366 3963 550 4074 σννίζκσιι
584 3977 736 4072 patiatur.
741 3989 762 4023 “
817 3978 952 4059 Iambus
984 3977 1063 4067 ferri
1096 4006 1165 4052 non
