2566 4432
645 283 696 357 52

177 440 264 553 des,
303 474 516 563 antequam
552 458 747 559 expietur,
784 455 991 555 regionem
1027 454 1184 557 polluit.

175 584 233 657 lta
259 577 422 653 Thebae
446 588 555 676 peste
580 587 783 669 vexantur,
809 571 940 648 donec
963 572 1046 647 Laii
1071 596 1185 646 mors

176 690 304 769 inulta
329 703 497 766 maneat.

273 804 421 892 Verba,
453 825 556 905 quae
587 814 679 903 post
704 799 947 898 Scaligerum
967 798 1050 908 ¹viri
1077 796 1186 873 docti

177 918 380 997 Duloresti
406 918 630 995 adscribere
656 929 959 1004 consueverunt,
1054 928 1058 933 ‘

642 1089 724 1144 7111.

445 1233 490 1248 -
518 1192 638 1298 tiqui
659 1193 700 1269 in
724 1191 853 1291 Aegeo
866 1193 982 1294 freto.
1096 1296 1100 1301 Ι

182 1412 237 1476 ea,
262 1387 294 1462 si
321 1384 592 1487 disputatione
616 1387 683 1462 illa
703 1385 876 1477 Naekius
903 1382 953 1459 de
977 1380 1186 1481 naufragio

181 1500 333 1581 Orestis
370 1499 478 1600 apud
510 1505 666 1575 Tauros
703 1524 844 1575 verum
882 1512 1082 1575 assecutus
1114 1510 1187 1593 est,

180 1639 267 1690 non
304 1627 494 1714 poterunt
531 1613 586 1689 ex'
612 1627 745 1689 nostra
786 1638 869 1689 esse
905 1612 1054 1697 fabula3
1097 1611 1188 1711 quis

182 1729 290 1805 enim
309 1728 409 1803 alius
434 1727 547 1816 dicat,
568 1727 642 1803 nisi
661 1731 834 1805 Orestes:
862 1728 1006 1827 (navim
1022 1727 1188 1826 nempe)

180 1842 281 1944 liqui
297 1842 339 1916 in
357 1845 490 1939 Aegeo
506 1840 635 1918 freto?
654 1884 704 1897 -
730 1841 819 1930 Sed,
840 1867 931 1918 cum
951 1840 1001 1918 de
1017 1842 1189 1918 lectione

183 1958 302 2035 etiam
328 1957 566 2054 ambigatur,
591 1956 683 2033 vide
705 1957 877 2032 omnino
904 1970 1028 2033 notas.

582 2189 784 2203 m

281 2330 436 2425 Quodsi
468 2357 608 2408 verum
634 2345 714 2419 est,
748 2331 872 2408 Ghori
903 2346 1032 2434 partes
1062 2330 1190 2409 firisse

183 2446 227 2522 in
251 2445 462 2521 Duloreste
487 2489 533 2502 -
560 2471 603 2522 ac
629 2443 793 2522 fuerunt
817 2446 926 2522 haud
953 2446 1091 2537 dubie,
1116 2446 1189 2524 etsi

183 2573 373 2636 nontam
409 2560 562 2661 amplae
595 2586 715 2660 quam
748 2560 854 2662 apud
880 2561 1114 2663 Euripidem
1140 2601 1192 2617 -

185 2674 310 2752 Chori
349 2687 485 2749 cantus
523 2675 854 2751 commodissime
892 2689 1051 2776 tempus
1086 2672 1190 2749 illud

185 2786 465 2876 absumserint,
491 2814 574 2890 quo
602 2792 760 2865 Orestes
785 2789 828 2862 in
853 2788 969 2866 litore
995 2788 1190 2889 conspici-

184 2917 260 2980 tur.
308 2905 408 2978 Eam
433 2926 519 2978 rem
546 2905 707 2980 nuncius
732 2901 864 2978 refert:

658 3076 713 3129 IX.

254 3176 493 3277 Graiugenm
519 3178 566 3254 {le
589 3176 683 3252 istoc
705 3177 823 3278 dperit
846 3179 930 3279 ipsa
956 3179 1087 3254 ordtr‘o.
1128 3149 1132 3155 Ι

185 3370 397 3473 Euripides
421 3373 490 3448 ita:

274 3555 459 3653 ’Ἕλληνες
483 3553 518 3643 ‘ir
543 3565 641 3643 τοῦτ’
665 3557 763 3645 oda.
786 3566 854 3645 κου’
876 3558 1082 3674 merwigo.

127 3861 129 3870 Ι
189 3759 384 3838 Coniiciat
407 3759 527 3858 igitur
551 3762 709 3863 aliquis,
737 3762 952 3860 legendum
979 3788 1062 3840 esse
1090 3763 1191 3842 Gra-

188 3877 363 3975 iugenae,-
398 3897 471 3973 ego
502 3902 667 3977 prorsus
698 3891 836 3952 contra
866 3902 1019 3954 censeo.
1085 3882 1191 3956 Nam

188 4011 283 4065 cum
308 3989 415 4091 apud
431 3990 667 4093 Euripidem
684 3991 834 4071 Orestis
852 3991 1091 4095 Pyladisque
1107 4016 1191 4070 cer-
