2566 4432
568 258 617 335 65

94 458 237 511 rorum
274 432 562 533 complurium3
603 458 847 537 quamquam
877 446 983 522 tuae,
1020 458 1097 524 rex,

93 547 320 624 sonitudini
339 546 574 624 facillimum
594 551 675 639 erit,
694 551 785 626 illos
804 552 968 624 conatus
986 554 1096 625 coer-

96 672 220 738 cere.“
268 665 351 738 Rex
377 661 427 737 ad
452 663 566 740 haee:

541 852 654 907 XXVI.

93 968 224 1044 Macte
246 974 323 1043 esto
351 970 478 1047 virtute
497 976 691 1074 operaque,
719 995 902 1072 omenque
920 968 1096 1071 opprobo.

93 1155 171 1242 „At
193 1154 302 1242 ubi,“
325 1157 461 1256 pergit,
486 1170 570 1244 „est
595 1154 720 1231 audax
738 1153 804 1228 ille
827 1153 1096 1231 adolescens?“

94 1271 210 1356 „Huc
242 1267 462 1358 videbatur,
473 1280 492 1308 “
520 1270 691 1345 nuncius
724 1268 869 1368 inquit,
906 1283 1097 1356 „conten-

97 1379 211 1471 dere‚
237 1406 369 1484 neque
393 1383 514 1482 longe
540 1385 674 1459 abesse
697 1392 869 1483 potest:“

533 1573 663 1627 XXVII.

95 1687 182 1765 Aut
203 1690 265 1764 ln'c
288 1703 357 1774 ert,
383 1701 452 1764 aut
475 1689 536 1764 hic
559 1692 694 1792 a'dsore
717 1704 891 1765 actutum
913 1693 1082 1766 autumo.

94 1878 237 1975 Neque
261 1871 409 1948 fallitur
434 1874 619 1960 nuncius;
648 1870 808 1950 auditur
833 1874 939 1949 enim
966 1880 1096 1951 armo-

95 2015 190 2065 rum
215 1987 407 2087 strepitus,
434 2001 621 2089 apparent
647 2013 737 2063 curn
766 1989 917 2090 aliquot
942 1989 1097 2099 comiti-

96 2103 173 2178 bus
206 2105 363 2179 Orestes
396 2127 439 2177 ac
470 2101 649 2199 Pylades,
680 2100 750 2177 sed
783 2103 892 2202 prior
921 2101 1095 2201 Pylades.

98 2219 191 2312 Quo
218 2229 430 2317 conspecto
455 2220 558 2293 Rexs

524 2405 669 2460 XXVIH.

97 2515 146 2598 ‘Is
171 2522 256 2627 qur's
281 2528 360 2599 est?

279 2635 359 2731 Pyl.
413 2635 495 2736 Qui
521 2643 572 2723 tt,
606 2637 684 2712 nisi
708 2638 818 2712 illum
850 2649 892 2725 tu
924 2639 1095 2735 occupor,

733 2752 806 2826 leto
830 2745 946 2826 dabit

196 2927 427 3024 Sequuntur
452 2924 604 3026 aliquot
632 2923 866 3024 fragmenta,
897 2919 1008 2998 unde
1039 2942 1099 2995 se·

99 3040 201 3116 rIem
226 3063 363 3113 rerum
389 3052 587 3136 gestarum
613 3039 703 3114 satis
728 3035 1021 3139 perspiciamus

195 3154 304 3227 Dum
329 3164 544 3252 pugnatur,
574 3152 794 3253 Iphigenia,
831 3149 992 3225 nemine
1017 3146 1099 3221 ani-

98 3265 384 3352 madvertente,
409 3264 546 3365 prodit
570 3290 592 3342 e
616 3267 784 3367 templo,
808 3262 918 3340 fratri
944 3259 1098 3362 aliquid

99 3380 285 3457 accidisse
310 3379 519 3481 suspicata:

542 3571 658 3645 arans.

105 3685 182 3764 Ubi
201 3687 263 3762 ille
286 3691 366 3762 est?
393 3716 453 3764 me
482 3689 676 3775 mt'seram,
711 3690 829 3792 quom
862 3687 1007 3785 clamos
1039 3685 1102 3759 elr'-
1170 3730 1173 3735 ›

747 3801 886 3877 mz'rtat!

100 3966 333 4055 Vincuntur,
354 3969 472 4044 annis
492 3983 690 4047 exuuntur
712 3968 839 4045 amici.
879 3964 1013 4042 Thoas
1035 3960 1109 4059 igi-

783 4088 809 4157 5
