2566 4432
610 189 973 343 ‚82'‘

212 407 332 478 ibidem
357 417 413 482 10:

268 544 502 639 „Fulgentium
524 548 653 613 armdm
677 549 822 612 armatus
846 539 999 611 ardorem
1022 541 1149 610 dbtui.“

300 687 392 755 Idem
414 684 562 773 invenias
578 683 611 750 in
627 679 740 753 Naevii
758 681 898 778 epitaph.
917 707 1012 751 versu
1028 698 1216 777 postremo:

279 823 412 910 „Ohlsti
435 839 512 891 sunt
534 821 660 891 Romae
683 821 794 914 [mgna
815 822 938 890 Latina
964 821 1128 914 loquicr.“
1267 795 1271 801 ι

213 963 309 1034 Adde
334 989 372 1030 ex
395 962 463 1029 eius
487 958 605 1028 Danae
627 971 662 1032 9:

214 1100 344 1192 „Quin
366 1116 402 1168 ut
424 1100 562 1196 quisque
582 1114 631 1168 est
646 1097 789 1181 mc'ritus,
806 1121 967 1188 praesens
986 1095 1131 1190 pretium
1150 1119 1217 1188 pro

800 1203 908 1295 sactis
917 1207 1051 1296 scrat“

216 1374 253 1417 ex
274 1345 393 1416 'eadem
416 1352 452 1419 7:

215 1527 285 1570 ,‚-
307 1483 416 1551 Etiam
438 1483 591 1551 minitas?
636 1479 738 1549 Mtte
762 1503 816 1561 ea,
844 1487 926 1574 quae'
949 1480 1011 1548 tua*
1026 1495 1103 1549 sunt
1123 1501 1218 1570 mage

814 1589 910 1679 quam
933 1608 1016 1653 mea.
1025 1597 1045 1630 ‘⁶

218 1755 256 1800 ex
279 1752 364 1823 equo
388 1725 553 1796 Troiano:

304 1906 375 1951 ‚‚-
396 1862 573 1960 Nunquam
595 1862 693 1932 hodie
716 1860 872 1956 effigies,
895 1862 973 1959 quin
994 1866 1068 1931 mea
1090 1884 1192 1930 manu

306 1970 487 2040 Μοτίεἱτεέι

218 2137 236 2180 e
259 2109 411 2204 Lycurgo
434 2111 472 2182 4:

304 2263 478 2360 „Bipedc's
502 2261 650 2332 volucres
673 2260 740 2332 lino
763 2259 912 2358 linquant
934 2261 1094 2331 lumina.“

220 2403 359 2501 denique
383 2430 422 2473 ex
443 2403 556 2472 incert.
577 2401 643 2470 sah.
666 2409 725 2474 21:

285 2543 432 2629 „Libera
456 2539 568 2635 [mgna
590 2540 761 2635 loquemur
783 2538 868 2608 ltdis
890 2537 1135 2624 liberalibus,“

220 2679 276 2750 ubi
299 2707 373 2749 cum
394 2680 486 2749 lusus
510 2679 681 2748 verborum
704 2678 894 2748 manifestus
918 2681 973 2763 sit,
1002 2679 1074 2775 quis
1098 2678 1218 2762 credat,

220 2783 346 2855 Naevio
375 2781 499 2852 litterae
527 2783 543 2851 l
569 2783 795 2878 repetitionem
820 2783 1015 2879 imprudenti
1038 2782 1218 2854 excidisse?

220 2886 477 2959 Alliterationem
512 2887 611 2956 etiam
647 2888 735 2982 apud
768 2887 922 2958 Plautum
958 2905 990 2957 et
1025 2888 1219 2958 Terentium

220 2993 345 3091 passim
367 2990 495 3062 obviam
518 3016 608 3075 esse,
630 3017 699 3062 non
720 2991 824 3086 fugiet
847 3019 931 3077 eum,
955 2993 1009 3088 qui
1031 2993 1149 3062 horum
1170 2992 1217 3063 fa·

220 3099 314 3171 bulas
337 3100 460 3169 attento
483 3095 592 3165 animo
615 3101 799 3171 versaverit.

424 3426 552 3500 .v111.
603 3424 741 3522 (noth.
765 3424 903 3501 nutor.
929 3425 986 3522 1.)

317 3641 424 3709 Vana
450 3636 491 3707 L.
519 3638 558 3713 L.
587 3638 648 3710 Vt.
674 3666 708 3734 p.
734 3650 787 3717 69.
816 3641 867 3710 ed.
890 3640 1004 3736 Steph.
1031 3667 1064 3735 p.
1087 3647 1141 3712 85.
1169 3638 1218 3713 ed.

223 3741 317 3837 Bip.:
350 3742 552 3826 „Pacuviusz
610 3744 712 3837 Liqui
734 3745 769 3814 in
795 3747 908 3838 Aegeo
919 3747 1031 3838 freto.
1085 3741 1220 3813 Dictum

223 3846 368 3918 Fretum·
380 3846 628 3917 msimititudine
649 3849 802 3918 ferventis
828 3873 949 3944 aquae:
979 3849 1068 3946 quod
1085 3848 1128 3917 dn
1140 3894 1144 3900 -
1158 3846 1220 3918 fre·

224 3967 292 4021 tum
315 3977 413 4047 saepe
441 3968 613 4023 concurrat
641 3968 750 4024 aestus
781 3969 878 4050 atque
910 3952 1110 4026 effervescat.
1155 3952 1221 4025 Ae·
