2566 4432
618 241 656 313 9,

141 411 210 516 qui
239 411 397 491 Pacuvii
426 409 570 489 florem
601 425 694 514 post
722 410 961 511 legationem
987 415 1132 515 Dioge·

139 529 218 617 nis,
250 525 478 615 Carneadis,
508 542 547 603 et
567 525 731 613 ,Critolai
755 527 886 629 ponit,
917 555 999 631 quo
1025 554 1131 607 anno

138 645 284 724 Noster
314 640 507 742 sexaginta
536 642 714 749 quinque
746 667 872 723 annos
903 659 1017 722 natus
1043 657 1132 723 erat.

139 857 341 877 m

139 998 304 1081 ripateticus
323 994 362 1061 ,ab
386 994 610 1062 Atheniensibus
623 998 669 1061 ¹ad
701 1000 838 1063 Senatum
866 999 973 1083 Populi
1000 998 1135 1078 Romani,
1196 1064 1201 1078 ‚

139 1095 250 1180 negotii
272 1092 379 1176 publici
404 1095 495 1178 gratia
513 1095 601 1179 legati
620 1108 694 1156 sunt.
733 1095 838 1177 Neque
856 1117 962 1180 magno
981 1094 1136 1159 intervallo

131 1190 238 1274 'postea
257 1188 295 1266 Q.
316 1189 436 1267 Ennius,
455 1203 486 1250 et
497 1190 576 1251 iuxta
589 1189 738 1267 Caecilius,
751 1202 781 1252 et
794 1191 959 1268 Terentius,
971 1213 1004 1251 ac
1016 1191 1136 1252 subinde

138 1298 170 1348 ct
193 1285 348 1359 Pacuvius,
373 1295 404 1346 et
428 1284 553 1347 Pacuvio
580 1287 636 1346 iam
660 1305 727 1346 seue
746 1285 865 1360 Accius,
885 1285 1046 1366 clariorque
1065 1298 1137 1347 tunc

137 1380 168 1442 in
195 1379 373 1463 poematibus
399 1400 500 1440 eorum
527 1377 720 1440 obtrectandis
744 1378 871 1440 Lucilius
890 1378 974 1440 suit“
1013 1379 1136 1465 Legatio

135 1476 244 1560 obtigit
268 1477 302 1537 P.
328 1474 465 1556 Scipione
490 1477 526 1537 ll.
550 1474 592 1534 M.
618 1473 757 1535 Marcello
782 1476 818 1535 11.
846 1474 936 1537 Coss..
954 1475 992 1539 A.
1011 1477 1048 1536 U.
1067 1478 1137 1538 599.

136 1569 270 1634 A1Cbr.
290 1571 365 1647 155,
391 1583 424 1631 ut
443 1571 529 1632 docet
548 1569 610 1634 Cic.
630 1568 718 1631 Acad.
739 1571 783 1647 ll,
805 1571 853 1631 45.
903 1571 1027 1636 Errores
1048 1571 1138 1632 Gellii

98 1702 100 1706 Α
137 1679 277 1730 notarunt
296 1667 393 1746 Iutpp.

214 1763 318 1842 Neque
338 1780 409 1821 vero
430 1757 608 1820 olleudamus
628 1758 703 1839 apud
723 1756 851 1818 Gellium
871 1759 901 1818 in
920 1759 1045 1821 Pacuvio
1071 1771 1138 1841 post

137 1856 310 1919 Terentium
331 1866 565 1930 commemorato,
580 1874 634 1933 qua
649 1853 680 1911 in
692 1874 726 1913 re
738 1851 820 1913 illum
833 1853 917 1914 etiam
931 1853 968 1914 A.
983 1855 1022 1916 G.
1038 1855 1139 1916 Schle-

137 1950 187 2034 gel
206 1961 319 2010 secutus
339 1961 398 2026 est,
422 1949 563 2012 sententia
582 1948 612 2007 in
632 1946 870 2030 praelectionibus
890 1944 926 2011 de
945 1962 1008 2012 arte
1028 1951 1138 2012 drama-

136 2045 194 2106 tica
219 2056 290 2104 tom.
316 2043 352 2106 Il.
375 2065 403 2124 p.
423 2045 471 2109 16.
490 2043 612 2125 prolata,
632 2041 682 2103 ubi
700 2041 854 2104 Pacuvium
874 2056 904 2105 et
925 2045 1046 2108 Accium
1070 2057 1139 2128 post

123 2138 270 2219 ,Plautum
296 2150 327 2200 et
349 2138 519 2202 Terentium
542 2137 674 2200 floruisse
698 2149 803 2199 narrat
848 2138 922 2202 Nam
946 2141 1000 2205 etsi
1019 2141 1136 2221 Pacuvii

135 2233 426 2297 natalesTcrentium
446 2233 508 2294 sere
528 2235 568 2298 26
587 2233 667 2296 annis
687 2234 873 2313 antecedunt,
893 2258 958 2298 cum
982 2237 1138 2301 Terentius

135 2329 243 2391 obierit
262 2326 317 2393 Cu.
337 2328 498 2405 Dolabella,
517 2331 557 2390 M
576 2328 681 2390 Fulvio
701 2350 772 2390 coss.
792 2328 828 2391 A.
841 2331 879 2392 U.
892 2332 962 2404 595,
983 2346 1137 2415 postquam

134 2425 264 2486 nondum
284 2425 415 2504 quintum
434 2437 520 2505 atque
539 2423 716 2508 trigesimum
736 2446 866 2509 egressus
877 2447 982 2487 aunum
996 2427 1026 2487 in
1041 2427 1135 2489 Grae-

70 2509 77 2520 Ὶ
136 2521 208 2582 ciam
226 2521 373 2609 profectus
393 2533 437 2582 cst
455 2521 590 2596 (Sueten.
610 2520 661 2580 vit.
683 2520 778 2598 Ten),
797 2521 873 2583 unde
894 2520 1018 2583 elficitnr
1037 2532 1136 2580 natum

137 2636 204 2677 eum
220 2637 280 2677 esse
300 2614 374 2677 circa
394 2612 431 2675 A.
444 2616 481 2676 U.
501 2618 574 2689 5603
594 2628 624 2677 et
643 2616 717 2676 idem
731 2613 869 2677 Andriam
882 2616 1000 2699 primam
1013 2613 1142 2676 fabulam,

137 2708 237 2770 docuit
260 2711 302 2776 Μ.
327 2709 482 2787 Marcello,
503 2711 557 2773 Cn.
589 2709 719 2792 Sulpicio
746 2729 818 2771 coss.
832 2710 875 2770 A.
895 2712 933 2771 U.
953 2709 1012 2771 588
1038 2709 1138 2789 (dida-

136 2804 202 2866 scal
227 2794 350 2887 Andr),
375 2804 500 2868 Pacuvio
525 2825 614 2867 annos
640 2818 707 2865 nato
732 2806 785 2865 54:
809 2817 906 2866 tamen
925 2805 1137 2887 quodammodo

136 2899 223 2961 etiam
247 2899 392 2962 recentior
416 2912 459 2962 est
483 2901 602 2978 Noster,
620 2910 742 2982 propter
760 2919 900 2983 magnam,
922 2920 1006 2981 quam
1029 2899 1139 2984 attigit,

136 3005 273 3070 aetatem,
307 3017 372 3055 cum
397 3017 542 3077 nunquam
567 2994 681 3057 desierit
704 2992 811 3055 fabulas
833 3014 926 3078 agere.
976 2993 1024 3055 cf.
1048 2993 1138 3057 verba

137 3087 286 3151 Ciceronis
305 3101 367 3152 not.
380 3092 408 3150 Z
423 3091 562 3172 apposita,
580 3091 620 3155 ita
629 3088 787 3174 pergentis:
806 3089 875 3165 „Sic
888 3087 1061 3151 Hortensius
1074 3107 1137 3149 non

138 3205 204 3245 cum
223 3184 280 3247 suis
300 3185 462 3266 aequalibus
481 3186 592 3263 solum,
612 3186 660 3247 sed
680 3198 711 3246 et
729 3205 792 3245 mea
811 3205 876 3245 cum
895 3195 998 3258 aetate,
1022 3193 1054 3243 et
1072 3204 1137 3244 cum

136 3291 197 3356 tua,
215 3280 318 3357 Brute,
339 3292 368 3341 et
388 3302 452 3341 cum
472 3281 617 3362 aliquanto
637 3279 785 3362 superiore
801 3277 1015 3362 coniungitur.“
1054 3276 1138 3340 Adde

58 3360 68 3381 ⁹
137 3396 209 3455 quae
228 3376 269 3436 M.
282 3374 363 3457 Aper
382 3378 496 3458 profert
515 3378 547 3440 in
565 3375 690 3460 Dialogo
711 3375 746 3436 de
767 3374 939 3460 Oratoribus
960 3395 1020 3455 cap.
1037 3376 1084 3438 17.
1097 3407 1138 3421 -

136 3469 230 3531 Simili
245 3471 336 3565 prodo
356 3471 458 3535 accidit
476 3472 507 3536 in
525 3474 666 3548 lsorrate,
686 3481 720 3532 ut
743 3470 820 3539 inter
840 3469 1017 3552 antiquiores
1041 3484 1072 3532 et
1093 3491 1139 3532 se-

135 3565 228 3626 riores
259 3564 440 3631 Graecorum
469 3580 599 3630 oratores
623 3565 800 3646 temporibus
830 3565 1024 3628 diversissimis
1054 3562 1138 3627 nobis

135 3673 277 3723 occurrat.
326 3664 369 3726 lta
394 3663 513 3726 sortasse
541 3674 724 3744 posterorum
750 3660 866 3742 aliquis‘
881 3683 942 3723 non
966 3661 1059 3722 minus
1085 3661 1139 3722 mi-

135 3767 266 3834 raretur,
297 3758 346 3839 qui
378 3759 488 3844 legeret
515 3758 675 3821 Goethium
700 3771 767 3841 post
794 3757 965 3820 Schillerum
998 3757 1139 3834 floruisse,

107 3908 109 3912 ,
135 3872 201 3913 cum
220 3851 268 3917 hic
288 3853 385 3919 decem
404 3877 494 3921 annos
513 3854 609 3921 minor
628 3867 697 3918 natu
717 3854 753 3919 sit
773 3853 832 3917 illo.
