2566 4432
591 278 640 352 29

115 450 265 551 lingula
291 475 313 526 a
336 447 482 546 lingua.
528 451 577 526 In
603 449 812 539 Clastidio,
838 448 1068 538 Vitulantes,
1093 475 1114 524 a

114 565 245 643 vitula.
293 566 341 640 In
366 563 593 652 Duloreste,
620 566 809 666 Caperata
832 562 981 652 fronte,
1007 590 1028 642 a
1055 588 1115 640 ca-

112 704 209 781 prae
223 676 381 754 fronte“
396 690 465 752 cet
501 680 622 755 Recte
639 678 845 754 animiam
858 679 1024 755 Vossius
1037 677 1052 725 ⁶
1063 679 1115 775 ⁷):

113 799 239 885 „Non
261 805 319 868 est
341 790 521 878 Naevii,“
545 791 692 894 inquit,
724 791 823 879 „sed
847 792 1023 882 Pacuvii,
1049 816 1116 868 cu·

112 909 176 985 ius
209 919 267 984 est
297 905 371 982 iste
402 929 539 982 versus
570 905 613 981 in
637 905 863 982 Duloreste:
889 910 998 982 Voce
1022 929 1115 1005 sup-

112 1046 263 1125 pressa,
288 1034 465 1123 caperata
490 1017 640 1109 fronte,
673 1019 785 1096 voltu
808 1018 985 1096 turbido.
1035 1018 1116 1114 Qui

112 1121 249 1215 Naeiii
276 1159 360 1213 esse
382 1147 595 1236 putarunt,
621 1157 670 1210 eo
696 1133 849 1235 decepti
874 1148 976 1222 sunt,
1001 1130 1116 1235 quod

112 1254 258 1340 Varro,
289 1272 384 1325 cum
407 1247 603 1324 Naevium
629 1262 739 1324 antea
766 1247 979 1335 laudasset,
1016 1247 1115 1322 haec

112 1380 248 1467 postea
286 1387 331 1440 ex
367 1361 579 1438 Duloreste
618 1362 798 1459 adducat
866 1362 968 1439 Inde
1005 1361 1115 1437 enim

111 1478 214 1556 hanc
246 1477 365 1555 etiam
394 1475 531 1554 Naevii
564 1499 648 1553 esse
674 1475 938 1554 crediderunt
988 1477 1119 1582 Atqui

189 1807 250 1886 67)
290 1807 442 1891 Castigatt.
471 1809 502 1868 in
532 1807 632 1892 fragm.
662 1807 751 1892 Trag.
775 1830 805 1890 p.
830 1809 878 1869 tt.
924 1805 971 1868 Cf.
996 1829 1024 1888 p.
1046 1806 1114 1884 118,

111 1903 163 1965 ubi
180 1903 257 1963 idem
275 1901 311 1962 ad
330 1902 416 1963 aliurn
434 1901 574 1964 Varronis
594 1901 690 1962 locum
710 1903 761 1985 (p.
781 1902 842 1982 86)
862 1903 902 1964 ita
921 1901 1034 1964 scribit:
1053 1903 1115 1981 „ln

112 1995 219 2058 illustri
241 1994 299 2058 lroc
318 1997 457 2059 Varronis
475 1997 542 2058 loco
562 1997 712 2059 duodecim
731 2001 865 2080 poimata
886 2019 1114 2060 commemorau-

112 2105 174 2170 tur,
194 2091 243 2155 sed
262 2091 376 2154 duobus
395 2093 531 2154 duntaxat
545 2095 671 2155 auctoris
686 2115 793 2155 nomeu
805 2093 987 2155 adscribitur:
1007 2095 1114 2176 primo,

112 2188 192 2270 quod
217 2198 261 2249 est
285 2208 303 2249 ε
326 2186 427 2250 Naevii
451 2188 594 2265 Hesiona,
620 2199 651 2250 et
675 2188 802 2270 decimo,
828 2191 908 2272 quod
934 2190 978 2251 est
996 2188 1113 2251 Pacuvii

111 2282 282 2347 Tarentilla:
303 2281 381 2344 unde
399 2282 500 2364 aliquis
520 2283 680 2346 existimare
698 2286 805 2366 possit,
823 2286 855 2346 in
873 2286 918 2362 iis,
936 2283 988 2345 uhi
1008 2289 1113 2365 potitae

109 2401 218 2442 nomen
242 2379 399 2455 reticetur,
423 2377 511 2456 illud,
536 2379 616 2460 quod
639 2379 804 2456 antecessit,
829 2372 890 2440 tisri
907 2386 997 2439 socrat
1017 2378 1113 2462 repeti

109 2475 225 2538 debere.
269 2473 439 2535 Persuasum
462 2473 493 2534 id
516 2474 573 2534 fnit
591 2473 660 2536 viris
678 2473 791 2557 aliquot
809 2473 916 2550 doctis,
936 2472 986 2554 qui
1005 2474 1110 2535 iccirco

109 2593 127 2633 a
155 2569 267 2632 Naevio
297 2567 484 2631 Dulorestem
508 2569 641 2650 scriptam
667 2579 822 2650 putarunt,
846 2568 925 2629 cuius
949 2567 1038 2628 tertio
1063 2566 1111 2629 hic

110 2666 176 2728 loco
201 2662 331 2727 meminit
354 2663 458 2724 Varro.
503 2661 596 2746 Atqui
615 2676 694 2727 recte
713 2664 738 2726 si
757 2662 914 2748 colligunt,
934 2664 1019 2749 etiam
1039 2662 1111 2726 Car-

108 2782 176 2822 men
195 2758 231 2820 de
250 2757 328 2819 bello
348 2756 458 2819 Punico
478 2760 580 2821 fecerit
598 2759 747 2837 Pacuvius,
767 2760 833 2840 quia
852 2771 919 2842 post
935 2759 1110 2821 nominatam

110 2857 171 2919 eius
196 2851 383 2916 Terentillam
413 2852 493 2916 locus
522 2854 671 2916 adducitur
700 2871 718 2918 e
746 2853 824 2916 bello
849 2855 975 2935 Punico,
1004 2858 1112 2939 poitae'

108 2951 227 3013 nomine
246 2970 307 3011 non
328 2968 472 3030 expresso·
512 2950 553 3011 Αι
573 2950 629 3011 hoc
649 2971 735 3013 nemo
754 2973 839 3014 sanus
858 2951 971 3014 dixerit
1010 2952 1110 3028 Quare

107 3058 255 3130 putamus,
280 3045 394 3125 quando
420 3045 457 3106 de
481 3046 622 3127 poematis
646 3046 788 3128 scriptore
814 3059 975 3120 constaret,
1001 3069 1109 3109 nomen

107 3143 169 3204 eius
187 3162 203 3202 a
222 3139 356 3203 Varrone
376 3160 435 3201 esse
455 3141 601 3202 omissum:
621 3140 676 3203 soli
694 3162 766 3205 vero
786 3143 931 3204 Hesionae
950 3155 980 3204 et
995 3143 1108 3204 Taren-

105 3237 185 3299 tillae
209 3235 350 3296 adiectum
373 3255 435 3296 esse
454 3230 631 3316 >suspirastis
651 3237 716 3318 qnia
739 3236 809 3299 alius
829 3237 914 3299 etiam
935 3237 994 3298 eius
1013 3237 1108 3298 nomi-

106 3333 151 3393 nis
179 3330 302 3392 [abulam
332 3328 463 3390 dedisset.
511 3330 599 3407 Nam,
628 3345 744 3413 praeter
770 3331 886 3395 Pacuvii
912 3330 1108 3409 Tarentillam,

105 3426 192 3489 luisse
217 3425 334 3486 alt-aram
359 3424 475 3502 Naevii,
507 3425 630 3507 plurima
655 3429 811 3490 ostendunt
835 3429 1009 3512 fragmenta,
1035 3450 1108 3511 quae

105 3521 173 3583 inde
196 3519 342 3582 Charisius
366 3520 490 3581 adduxit.
537 3520 636 3596 Quare
654 3522 694 3583 ita
712 3523 875 3601 statuimus,
896 3545 970 3606 quae
988 3545 1024 3586 ex
1043 3526 1107 3585 Du-

105 3617 212 3680 loreste
232 3615 278 3677 hic
299 3617 369 3678 citat
387 3618 544 3695 Varro,·ea
564 3637 624 3679 esse
646 3638 680 3678 ex
699 3616 816 3680 Pacuvii
834 3619 1000 3683 Duloreste.
1032 3621 1107 3681 Nam

105 3712 278 3775 Naevianam
297 3732 383 3773 nemo
404 3723 535 3776 veterum
554 3711 662 3772 laudat:
682 3723 713 3773 et
732 3732 766 3773 ex
781 3713 940 3776 Pacuviana
952 3736 1022 3792 esse,
1035 3714 1106 3776 illud

104 3820 254 3890 praeterea
273 3807 432 3883 confirmat,
453 3808 532 3889 quod
551 3829 650 3870 versus
669 3808 732 3884 iste,
753 3829 838 3888 quem
858 3830 893 3872 ex
913 3810 1028 3874 Pacuvii
1041 3811 1105 3870 Du·

104 3903 330 3969 loresteadfert
354 3902 480 3980 Nonius,
510 3925 594 3966 sanus
618 3916 704 3984 atque
730 3901 844 3985 integer
868 3904 969 3982 suerit,
1000 3904 1022 3966 ri
1048 3903 1104 3966 hoc

103 4012 190 4082 pacto
210 3999 301 4086 legas:
320 3997 402 4058 Voce
421 4028 461 4043 -
480 3998 608 4080 torpido.
648 3997 732 4059 Ubi“
751 4010 808 4061 cet.
