2566 4432
629 252 654 328 7

143 423 283 500 Cicero
306 425 373 522 ¹¹)
404 447 489 501 non
520 427 629 528 parvi
659 426 808 531 pendit.
864 425 1004 506 Cicero
1037 450 1139 528 quo-

141 562 237 640 que,
274 537 366 615 licet
400 538 537 616 multis
572 542 617 617 in
653 542 751 619 locis
783 540 969 617 laudibus
1002 539 1139 618 efferat

139 652 367 739 Pacuvium,
392 652 494 729 male
520 676 613 730 eum
638 654 820 732 locutum
847 678 930 730 esse
956 653 1051 732 dicit
1067 654 1137 753 ¹²).

139 770 245 843 Haec
280 779 412 841 tamen
443 768 699 870 reprehensio
741 768 840 844 nihil
878 766 986 844 aliud
1017 769 1138 869 respi-

140 881 208 968 cit,
248 903 369 981 quam
406 879 449 956 in
489 876 655 982 singulis
687 883 817 961 verbis
846 881 1136 980 negligentiam.

140 998 272 1089 Quare
318 993 437 1070 etiam
481 997 642 1075 Asinius
687 996 843 1085 Pollio,
891 996 1024 1095 magni
1070 994 1138 1073 ille

140 1107 260 1181 animi
278 1106 338 1181 vir
360 1108 404 1182 in
435 1122 618 1212 tempore
642 1114 848 1190 Romanae
873 1108 1136 1186 civitatis‘iam

135 1219 482 1321 depravatissimo,
508 1248 773 1326 summusque
797 1224 840 1298 in
866 1221 978 1299 omni
1002 1245 1046 1298 re
1071 1245 1138 1297 an·

117 1326 271 1434 ‘tiquae
319 1335 577 1436 simplicitatis
617 1350 736 1439 atque
780 1334 974 1435 gravitatis
1017 1347 1137 1410 secta·

137 1459 203 1523 tor
225 1448 308 1545 1³),
346 1473 443 1525 non.
469 1452 603 1528 solum
643 1450 875 1549 tragoediis,
906 1446 977 1525 sed
1016 1448 1135 1524 etiam

137 1560 387 1638 orationibus
430 1565 512 1641 suis
548 1565 715 1643 Accium
760 1578 878 1665 atque
918 1560 1135 1639 Pacuvium
1210 1616 1213 1623 -

137 1676 357 1776 exprimere
397 1700 483 1752 non
519 1678 722 1754 haesitavit
744 1676 815 1772 ¹⁴).
879 1677 1022 1774 quue
1061 1673 1137 1749 mi·
1251 1770 1254 1775 Ι

138 1813 215 1863 nus
252 1787 495 1889 premendae
527 1804 621 1865 sunt
651 1812 792 1890 parvae
823 1785 1022 1886 quaedam
1054 1810 1137 1862 ma-

138 1900 252 1975 culae
283 1900 328 1974 in
355 1900 450 1987 illis;
479 1925 574 1978 nam
611 1902 712 1978 nihil
748 1912 911 1976 naturae
947 1913 1005 1975 est
1042 1923 1136 1976 con·

138 2011 375 2102 venientes,
412 2040 533 2117 quam
565 2029 612 2092 ut
641 2040 686 2091 ea
718 2027 856 2100 aetate,
888 2035 967 2113 qua
1001 2013 1135 2112 lingua

137 2125 315 2229 primum
341 2129 550 2219 excolitur·
564 2128 749 2206 nondum
775 2126 997 2230 politusab
1019 2127 1133 2203 omni

137 2253 248 2341 parte
272 2255 345 2317 stet
369 2266 512 2320 sermo.
554 2248 693 2344 Neque
716 2243 796 2319 hoc
817 2241 992 2318 alienum
1011 2239 1132 2327 estab

136 2353 324 2443 ubertate,
350 2382 469 2458 quam
495 2357 699 2462 propriam
717 2357 752 2433 ei
768 2352 908 2432 tribuit
926 2353 1050 2432 Varro
1063 2353 1132 2450 ¹⁸).

215 2612 276 2691 u)
314 2611 378 2673 ran.
397 2614 427 2690 r,
445 2615 475 2674 a

218 2743 276 2822 12)
315 2744 398 2807 naut
417 2747 466 2810 at.

158 2938 161 2947 .
216 2874 275 2954 13)
313 2878 360 2939 De
380 2898 415 2939 eo
436 2875 605 2953 Quintilian.
624 2877 669 2954 X,
688 2876 722 2952 1,
742 2875 814 2937 113:
844 2871 983 2952 „Asinius
1001 2866 1134 2930 Pollius

138 2968 234 3032 nitore
260 2982 291 3032 et
315 2972 490 3035 iucunditate
516 2971 664 3036 Ciceronis
687 2971 728 3033 ita
753 2971 842 3056 longe
867 2967 962 3045 abest,
987 2975 1021 3027 nt
1043 2959 1133 3034 rideri

137 3064 228 3148 possit
246 3067 358 3157 saeculo
378 3068 489 3150 prior.“
720 3058 721 3062 ¹

216 3178 273 3258 14)
315 3177 484 3255 Quintilian.
502 3183 542 3259 X,
562 3182 591 3258 l,
610 3181 640 3242 8.
660 3178 743 3254 dicit,
761 3178 797 3240 ab
816 3176 917 3239 Asinio
937 3171 1132 3258 proximisque

138 3273 262 3336 hhenter
291 3275 406 3337 Pacuvii
437 3289 657 3356 ceterorumque
681 3273 806 3336 eiusdem
825 3271 887 3335 aevi
911 3274 1063 3353 poetarum
1087 3266 1134 3326 iu-

137 3368 194 3429 seri
213 3389 325 3446 versus,
344 3394 452 3434 summa
472 3393 531 3434 uon
550 3369 718 3432 eruditionis
737 3368 824 3430 modo
844 3366 953 3451 gratia,
979 3363 1028 3425 sed
1049 3362 1133 3425 etiam
1203 3357 1207 3363 ⁴

139 3463 302 3524 venustatis.
341 3463 387 3526 Cf.
405 3464 520 3551 Dialog.
540 3466 576 3528 de
596 3463 767 3527 Oratoribus
786 3484 847 3544 cap.
866 3465 920 3539 21,
937 3458 987 3522 uhi
999 3460 1040 3521 M.
1053 3459 1135 3540 Aper

138 3578 199 3617 non
219 3557 276 3618 leni
296 3559 506 3642 vituperttione
526 3562 598 3623 hanc
617 3559 655 3622 oh
675 3559 862 3620 imitationem
881 3557 1011 3619 Asinium
1034 3554 1134 3635 carpit

137 3655 180 3713 lta
211 3652 296 3715 Auct.
330 3655 365 3716 ad
395 3656 524 3717 Herenn.
550 3656 607 3734 tv,
629 3659 650 3716 4
675 3654 814 3716 rationem
840 3648 941 3736 potius
958 3642 1135 3710 'imltmtium

140 3771 224 3831 quam
248 3750 324 3827 eius,
357 3772 442 3832 quem
466 3751 570 3813 imitari
594 3751 744 3829 dicuntur,
777 3747 987 3832 reprehendere
1011 3743 1134 3808 voluisse

139 3845 262 3910 videtur.
630 3916 633 3923 ⁸

221 3959 281 4040 15)
320 3958 408 4044 Apud
427 3960 646 4041 Gettiumvtt,
667 3961 714 4044 14.
