2566 4432
623 255 674 334 85.

143 429 211 499 isto
232 426 342 520 aperit
368 426 446 519 ι’ρεα
474 425 583 497 oratio
627 433 669 516 („
677 420 824 495 Graece:
849 423 932 537 mg}
953 421 1083 508 eodm
1106 429 1154 518 ὥς

107 531 310 632 ’Ἕλληνος
335 537 432 619 oded
455 529 569 620 dono?
592 568 619 612 s.
645 533 810 639 σημαίνει
835 541 856 621 n‘
879 536 1039 642 pnti.“)›
1064 540 1155 639 q¹1⁰d

145 649 311 725 Creuzero
336 651 559 722 duriusculum
580 652 720 737 videtur,
750 651 820 746 ipse
843 653 966 722 nullam
990 655 1153 725 coniectu·

143 781 215 827 ram
237 756 372 853 profert.
405 757 535 830 Versus
559 774 668 826 tamen
690 757 1064 852 utcunque'fnlciendus
1088 775 1153 843 est3

143 861 255 958 possis
289 861 386 956 igitur
421 863 484 932 sic:
539 860 746 955 Graiugenas
778 887 856 932 nom
885 864 927 932 de
953 861 1019 932 isto
1044 862 1154 954 operit

144 967 223 1057 ἰρεα
244 966 369 1072 ordtt'o,
398 983 436 1036 nt
457 966 609 1059 voculam
631 991 725 1044 nam,
754 983 791 1036 ut
813 967 1011 1052 sexcenties,
1040 969 1153 1038 absor-

143 1070 251 1140 buerit
272 1071 477 1166 praecedens
501 1071 641 1170 syllaba,
663 1069 801 1168 praetuli
823 1087 937 1141 tamen.
950 1071 1156 1143 Bothiauum

144 1172 239 1250 ἰδίου.
521 1189 524 1198 “
868 1197 871 1204 ’
1019 1202 1022 1209 ·

408 1486 453 1560 Χ.
503 1482 641 1581 (Both.
666 1481 805 1558 Dulor.
830 1480 893 1578 ὃ.)

232 1674 347 1770 Pergit
383 1682 490 1751 Varro
526 1680 602 1749 loeo
642 1679 684 1747 ad
720 1707 754 1748 n,
786 1679 878 1749 VIII.
915 1677 1056 1749 laudato.
1087 1681 1155 1750 sic:
1200 1664 1203 1671 ¹

144 1778 324 1876 „Aegeum
358 1782 480 1852 dictum
510 1786 551 1854 ab
581 1782 713 1866 insulis,
743 1782 834 1878 qnod
860 1783 900 1852 in>
924 1809 963 1852 eo
994 1782 1076 1875 mari
1104 1787 1152 1854 sic

144 1893 273 1987 scopuli
307 1913 482 1979 vocantur,
517 1921 538 1964 a
571 1894 778 1964 similitudine
814 1918 1001 1989 caprarum,
1043 1884 1156 1991 αἶγες.

143 1996 332 2068 Pacuvius:
364 2001 517 2094 (Aegos)
539 2002 655 2094 ferme
687 2002 827 2069 aderant
855 2024 994 2092 aequore
1021 2002 1056 2070 in
1083 2003 1156 2071 ulto

144 2103 269 2175 imatus
297 2105 492 2196 repetendus.
536 2106 673 2200 Aequor
700 2130 789 2174 mare
819 2103 1033 2199 appellatum,
1063 2107 1156 2202 qnod

145 2227 339 2304 aequatum,
368 2226 567 2279 commotum
596 2226 693 2278 vento
723 2235 792 2279 non
822 2225 886 2281 est..
935 2208 1030 2280 Ratis
1059 2212 1156 2283 nauis

144 2311 246 2408 longa
270 2313 401 2400 dicitur,
425 2332 460 2384 ut
481 2313 609 2385 Ennius
633 2324 721 2383 etc'.“

233 2418 283 2486 Ita
306 2419 408 2514 vulgo
426 2419 557 2513 legitur,
587 2418 647 2488 sed
668 2417 829 2502 Floreat,
859 2417 984 2504 Horu,
1013 2448 1152 2518 quorum

145 2548 274 2593 summa
296 2522 492 2608 auctoritas,
519 2523 601 2593 nihil
623 2523 746 2594 habent
768 2522 833 2592 nisi
855 2547 1031 2616 caprarum
1053 2552 1152 2621 neges

129 2631 249 2724 sermo
264 2645 345 2708 etc.‚·
369 2629 419 2697 ed.
435 2654 484 2722 pr.
500 2628 668 2699 Rholaud
685 2627 772 2699 Ven.
792 2640 820 2701 1.
836 2636 867 2699 2.
882 2627 961 2698 dant
976 2654 1153 2720 caprarum

144 2758 243 2827 aegos
263 2731 429 2801 Pacuvius
452 2736 693 2828 aegesserme,·
715 2758 802 2801 unns
826 2731 939 2817 codex,
962 2734 1017 2833 qni
1039 2735 1152 2806 lectio·

144 2864 222 2908 nem
245 2837 286 2906 ab
310 2836 442 2906 eruditis
465 2838 603 2906 librariis
626 2836 721 2908 valde
748 2839 978 2934 interpolatam
1001 2841 1151 2912 exhihere

144 2943 247 3028 solet,
277 2942 333 3011 dat
360 2943 441 3012 illud
470 2943 559 3038 quod
587 2944 621 3012 in
652 2942 737 3036 vulg.
768 2960 828 3013 est.
873 2944 1020 3014 Alterum
1041 2949 1154 3040 Aegos

145 3048 322 3125 delendum
346 3073 419 3116 esse
445 3047 602 3118 intell-exit
623 3047 776 3142 Scaliger.
822 3048 891 3117 Sed
921 3048 948 3118 si
978 3050 1155 3119 auctorita²

144 3169 212 3224 tem
236 3169 365 3247 spectes
388 3149 554 3237 librorum,
576 3153 664 3222 insta
687 3152 848 3222 dubitatio
869 3153 1019 3237 exoritur,
1042 3155 1151 3224 sintne
1192 3152 1197 3162 ’

145 3258 230 3329 haec
251 3256 391 3328 Pacuvii
413 3281 456 3325 an
480 3257 564 3326 alius.
583 3267 713 3353 poetae,
736 3284 833 3354 quem
849 3257 960 3326 Varro
982 3257 1152 3329 nominare

144 3363 300 3459 neglexit,
335 3378 374 3430 ut
405 3361 506 3445 solet,
539 3363 597 3431 ubi
624 3379 723 3432 notos
756 3363 849 3434 locos
883 3361 994 3444 aliern
1026 3386 1105 3430 nam
1131 3390 1153 3433 e

144 3469 253 3566 priore
275 3467 337 3536 illo
349 3467 515 3537 Pacuvius
538 3494 643 3538 nemo·
656 3469 797 3563 colligat,
819 3467 872 3537 hic
888 3467 1037 3537 eiusdem
1051 3468 1151 3538 verba

114 3584 117 3591 ’
145 3573 259 3645 teneri
302 3572 433 3642 Deinde
462 3573 552 3670 quod
574 3573 716 3645 Botbius
745 3574 913 3668 opinatur,
941 3579 1049 3668 Aegas
1076 3573 1150 3644 reti·

144 3678 294 3749 nendum
315 3703 398 3762 esse,
425 3678 545 3773 quippe
568 3679 608 3750 iu·
627 3705 697 3775 quo
716 3679 819 3750 cardo
840 3680 1020 3750 sententiae
1042 3705 1149 3750 verse·

144 3801 213 3869 tur,
235 3784 367 3855 fallitur.
412 3781 499 3854 Nam
521 3786 635 3870 verba,
660 3785 700 3855 de
724 3786 845 3883 quibus
865 3787 1008 3880 agimus,
1037 3800 1149 3878 aperte

142 3916 220 3961 non·
237 3890 280 3959 ad
304 3889 596 3961 demonstrandam
616 3890 776 3986 originem
792 3893 884 3964 vocis
897 3894 1046 3984 Aegeum
1058 3913 1150 3957 more
1243 3929 1246 3933 ss

144 3995 346 4080 atteruntur,
377 3994 440 4066 sed
470 3985 642 4068 transitum
673 3996 796 4068 faciunt
828 3997 872 4067 ad
902 3992 1152 4096 explicationem
