2566 4432
606 258 657 332 53

123 444 257 506 tamen
282 428 325 505 in
352 453 401 505 eo
427 443 621 519 versetur,
652 444 743 505 uter
768 430 810 505 in
837 431 980 508 Tauris
1004 458 1132 512 rema-

123 569 224 621 nens
249 556 425 620 mortem
452 542 575 633 obire,
598 559 691 621 uter
714 546 861 620 serva1i
884 547 985 638 velit,
1009 555 1134 627 Pacu·

51 742 55 747 ,
122 658 220 746 vius,
247 647 644 759 quod'manifestum
669 672 853 734 tenemus
880 685 925 737 er
949 661 1047 737 loeis
1068 688 1158 758 su-¹

121 799 192 874 pra
223 771 362 859 allatis,
396 765 743 849 coram'Thoante
773 774 902 850 voluit
930 775 1052 851 vitam
1083 779 1132 854 ab

121 901 298 988 utroque
324 880 529 961 contemni
554 912 648 988 prae
674 888 912 977 solitudiner
932 904 970 965 at
987 890 1134 993 duplex

123 1014 321 1076 certamen
347 1025 431 1076 non
453 1015 605 1102 poterat
622 1002 773 1078 institui
782 1029 798 1091 ;·
816 1018 904 1079 tum
923 1004 1047 1102 igitur·
1059 1012 1132 1104 Py-

121 1115 231 1190 lades
263 1141 336 1218 per
368 1115 551 1217 priorem·
581 1114 759 1193 fabulam
792 1114 908 1216 κωφόν
931 1113 1131 1225 πρόσωπον

121 1229 283 1305 futurus
315 1245 405 1306 erat.
456 1235 543 1306 Hoc
574 1245 621 1306 ut
651 1232 790 1307 vitaret
813 1233 1023 1322 Pacuvius,
1055 1234 1131 1308 nisi

124 1344 277 1440 egregie
316 1343 449 1435 fallor,
492 1349 678 1422 Orestem
718 1344 852 1422 solum
891 1361 1049 1449 captum
1088 1348 1132 1423 in

122 1482 281 1534 scenam
306 1457 537 1536 introduxit
631 1460 635 1467 ’

87 1956 94 1965 ,
220 1881 359 1980 ltaque
385 1877 598 1955 adducitur
616 1881 777 1956 Orestes
800 1878 844 1954 in
871 1866 1130 1980 conspectum

123 1994 367 2095 Iphigeniae,
394 2020 497 2096 quae
521 1993 654 2082 illum,
681 1994 751 2070 etsi
777 1994 958 2071 servilem
985 2008 1131 2069 statum

122 2133 218 2210 prae
243 2133 285 2184 se
310 2107 529 2208 fert(nam
555 2107 795 2207 naufragum
821 2127 904 2185 esse
929 2108 1001 2182 scit
1024 2108 1132 2208 Iphi-

125 2223 278 2322 genia),
307 2237 441 2298 tamen
476 2223 616 2298 eadem
648 2220 746 2311 fere,
779 2224 861 2322 qua·
884 2221 991 2322 apud
1016 2222 1133 2298 Euri-

125 2339 280 2440 pidem,
312 2339 467 2413 ratione
498 2338 548 2413 de
575 2351 681 2413 sorte
705 2335 878 2428 familiae
902 2336 1128 2434 interrogat

127 2476 296 2553 eamque
316 2453 656 2553 opportunitatem
678 2449 843 2552 arripuit
859 2450 1062 2536 Pacuvius,
1086 2462 1132 2524 ut
1170 2518 1173 2523 ,

125 2567 332 2667 copiosam
357 2565 626 2641 narrationem
655 2565 861 2649 insereret;
894 2587 937 2637 ac
967 2563 1130 2664 plurimi

124 2680 203 2755 loci
231 2705 276 2755 ex
300 2681 375 2754 hac
400 2678 557 2756 fabulae
581 2695 691 2782 parte
718 2691 866 2755 exstant
891 2677 1130 2776 (lo—ln).

10 2845 16 2851 -
124 2794 284 2871 Primus
307 2794 412 2868 inter
437 2817 521 2880 eos,
555 2794 624 2895 qui
658 2794 706 2869 ab
733 2792 954 2869 editoribus
979 2790 1023 2865 in
1047 2793 1133 2866 Du-

82 2992 84 2997 ,
125 2908 314 2985 lorestem
339 2907 483 3009 recepti
511 2922 619 2996 sunt,
646 2921 725 2984 est:¹

610 3104 649 3158 Χ.

125 3204 249 3306 Aeger
270 3207 399 3310 ferme
427 3205 588 3281 aderant
617 3232 782 3312 aequore
812 3205 853 3279 in
883 3205 963 3279 alto
988 3199 1131 3278 ratibus

729 3316 944 3420 repentibus.

128 3535 150 3587 e
178 3511 444 3615 descripti-one
473 3514 624 3590 itineris
651 3518 821 3591 Graecae
855 3511 985 3588 classis
1010 3511 1132 3589 Troia

128 3626 349 3717 redeuntis,
385 3642 434 3704 ut
471 3629 655 3705 videntur
692 3629 866 3705 arbitrati
897 3651 989 3704 esse.
1053 3623 1132 3701 Sed

128 3741 225 3816 haec
259 3767 353 3817 cum
386 3767 470 3818 non
502 3742 717 3819 laudentur
749 3770 794 3821 ex
827 3757 960 3819 nostra
989 3738 1133 3826 fabula,

127 3854 295 3932 fortasse
319 3880 371 3933 ne
395 3856 555 3934 Pacuvii
581 3856 746 3960 quidem
773 3859 866 3946 sint,
901 3856 933 3931 si
958 3854 1134 3954 recipere

127 3970 170 4045 in
197 3971 383 4051 ordinem
408 3971 624 4050 voluerunt
647 3973 720 4048 viri
753 3971 877 4073 docti,
908 3966 1133 4046 monstran-
