<?xml version="1.0" encoding="UTF-8"?>
<!DOCTYPE html PUBLIC "-//W3C//DTD XHTML 1.0 Transitional//EN"
    "http://www.w3.org/TR/xhtml1/DTD/xhtml1-transitional.dtd">
<html xmlns="http://www.w3.org/1999/xhtml" xml:lang="en" lang="en">
 <head>
  <title>
</title>
<meta http-equiv="Content-Type" content="text/html;charset=utf-8" />
  <meta name='ocr-system' content='tesseract 3.04.00' />
  <meta name='ocr-capabilities' content='ocr_page ocr_carea ocr_par ocr_line ocrx_word'/>
</head>
<body>
  <div class='ocr_page' id='page_1' title='image "./demracuviidulor00stiegoog_0098.png"; bbox 0 0 2566 4432; ppageno 0'>
   <div class='ocr_carea' id='block_1_1' title="bbox 140 418 1155 2925">
    <p class='ocr_par' dir='ltr' id='par_1_1' title="bbox 140 418 1155 2516">
     <span class='ocr_line' id='line_1_1' title="bbox 240 418 1155 506; baseline 0.003 -12"><span class='ocrx_word' id='word_1_1' title='bbox 240 423 438 506; x_wconf 87' lang='lat' dir='ltr'><strong>Doloreste]</strong></span> <span class='ocrx_word' id='word_1_2' title='bbox 466 424 516 492; x_wconf 86' lang='lat' dir='ltr'><strong>lta</strong></span> <span class='ocrx_word' id='word_1_3' title='bbox 538 418 652 493; x_wconf 86' lang='lat' dir='ltr'><strong>Krehl.</strong></span> <span class='ocrx_word' id='word_1_4' title='bbox 681 448 720 493; x_wconf 84' lang='lat' dir='ltr'><strong>ex</strong></span> <span class='ocrx_word' id='word_1_5' title='bbox 744 419 852 495; x_wconf 86' lang='lat' dir='ltr'><strong>Codd.</strong></span> <span class='ocrx_word' id='word_1_6' title='bbox 874 423 1005 495; x_wconf 88' lang='lat' dir='ltr'><strong>Heidel.</strong></span> <span class='ocrx_word' id='word_1_7' title='bbox 1033 424 1155 498; x_wconf 78' lang='lat' dir='ltr'><strong>ewice.</strong></span> 
     </span>
     <span class='ocr_line' id='line_1_2' title="bbox 151 526 1154 627; baseline 0.006 -31"><span class='ocrx_word' id='word_1_8' title='bbox 151 537 182 605; x_wconf 91' lang='lat'><strong>1.</strong></span> <span class='ocrx_word' id='word_1_9' title='bbox 204 538 236 603; x_wconf 95' lang='grc'><strong>2.</strong></span> <span class='ocrx_word' id='word_1_10' title='bbox 272 527 365 623; x_wconf 91' lang='lat' dir='ltr'><strong>Lips.</strong></span> <span class='ocrx_word' id='word_1_11' title='bbox 390 539 419 604; x_wconf 87' lang='lat'><strong>1.</strong></span> <span class='ocrx_word' id='word_1_12' title='bbox 442 537 473 602; x_wconf 98' lang='grc'><strong>2.</strong></span> <span class='ocrx_word' id='word_1_13' title='bbox 507 526 749 621; x_wconf 47' lang='grc'><strong>1111111112.</strong></span> <span class='ocrx_word' id='word_1_14' title='bbox 782 527 902 604; x_wconf 87' lang='lat' dir='ltr'><strong>Dresd.</strong></span> <span class='ocrx_word' id='word_1_15' title='bbox 933 528 1045 620; x_wconf 88' lang='lat' dir='ltr'><strong>(Vide</strong></span> <span class='ocrx_word' id='word_1_16' title='bbox 1069 554 1154 627; x_wconf 85' lang='lat' dir='ltr'><strong>quae</strong></span> 
     </span>
     <span class='ocr_line' id='line_1_3' title="bbox 149 631 1154 730; baseline 0 -26"><span class='ocrx_word' id='word_1_17' title='bbox 149 658 248 730; x_wconf 86' lang='lat' dir='ltr'><strong>supra</strong></span> <span class='ocrx_word' id='word_1_18' title='bbox 270 634 457 704; x_wconf 87' lang='lat' dir='ltr'><strong>monuimus</strong></span> <span class='ocrx_word' id='word_1_19' title='bbox 479 658 557 727; x_wconf 78' lang='lat' dir='ltr'><strong>pag.</strong></span> <span class='ocrx_word' id='word_1_20' title='bbox 571 637 615 706; x_wconf 85' lang='grc'><strong>24</strong></span> <span class='ocrx_word' id='word_1_21' title='bbox 626 658 676 728; x_wconf 90' lang='lat' dir='ltr'><strong>sq.</strong></span> <span class='ocrx_word' id='word_1_22' title='bbox 693 650 726 703; x_wconf 89' lang='lat' dir='ltr'><strong>et</strong></span> <span class='ocrx_word' id='word_1_23' title='bbox 740 631 778 703; x_wconf 83' lang='lat' dir='ltr'><strong>fr.</strong></span> <span class='ocrx_word' id='word_1_24' title='bbox 794 635 835 728; x_wconf 91' lang='lat' dir='ltr'><strong>l.)</strong></span> <span class='ocrx_word' id='word_1_25' title='bbox 864 633 968 705; x_wconf 87' lang='lat' dir='ltr'><strong>Iidem</strong></span> <span class='ocrx_word' id='word_1_26' title='bbox 984 634 1081 705; x_wconf 88' lang='lat' dir='ltr'><strong>codd.</strong></span> <span class='ocrx_word' id='word_1_27' title='bbox 1098 636 1154 704; x_wconf 91' lang='lat' dir='ltr'><strong>de-</strong></span> 
     </span>
     <span class='ocr_line' id='line_1_4' title="bbox 149 738 1154 832; baseline 0 -23"><span class='ocrx_word' id='word_1_28' title='bbox 149 738 267 809; x_wconf 91' lang='lat' dir='ltr'><strong>derunt</strong></span> <span class='ocrx_word' id='word_1_29' title='bbox 293 738 435 809; x_wconf 75' lang='lat' dir='ltr'><strong>Achivos</strong></span> <span class='ocrx_word' id='word_1_30' title='bbox 462 761 522 832; x_wconf 88' lang='lat' dir='ltr'><strong>pro</strong></span> <span class='ocrx_word' id='word_1_31' title='bbox 550 739 719 821; x_wconf 85' lang='lat' dir='ltr'><strong>Achaeos,</strong></span> <span class='ocrx_word' id='word_1_32' title='bbox 752 738 931 829; x_wconf 88' lang='lat' dir='ltr'><strong>verissime.</strong></span> <span class='ocrx_word' id='word_1_33' title='bbox 974 739 1057 809; x_wconf 85' lang='lat' dir='ltr'><strong>Mox</strong></span> <span class='ocrx_word' id='word_1_34' title='bbox 1089 738 1154 809; x_wconf 83' lang='lat' dir='ltr'><strong>Ca·</strong></span> 
     </span>
     <span class='ocr_line' id='line_1_5' title="bbox 142 832 1153 940; baseline -0.001 -25"><span class='ocrx_word' id='word_1_35' title='bbox 142 843 268 936; x_wconf 85' lang='lat' dir='ltr'><strong>pharei</strong></span> <span class='ocrx_word' id='word_1_36' title='bbox 291 869 352 938; x_wconf 89' lang='lat' dir='ltr'><strong>pro</strong></span> <span class='ocrx_word' id='word_1_37' title='bbox 379 832 560 935; x_wconf 71' lang='lat' dir='ltr'><em>Caphareis</em></span> <span class='ocrx_word' id='word_1_38' title='bbox 582 840 696 912; x_wconf 86' lang='lat' dir='ltr'><strong>Krehl.</strong></span> <span class='ocrx_word' id='word_1_39' title='bbox 727 869 766 912; x_wconf 86' lang='lat' dir='ltr'><strong>ex</strong></span> <span class='ocrx_word' id='word_1_40' title='bbox 793 843 913 913; x_wconf 88' lang='lat' dir='ltr'><strong>Zwicc.</strong></span> <span class='ocrx_word' id='word_1_41' title='bbox 938 843 1042 932; x_wconf 47' lang='lat' dir='ltr'><strong>Luthx</strong></span> <span class='ocrx_word' id='word_1_42' title='bbox 1060 843 1153 940; x_wconf 89' lang='lat' dir='ltr'><strong>Lips.</strong></span> 
     </span>
     <span class='ocr_line' id='line_1_6' title="bbox 149 946 1153 1031; baseline -0.004 -8"><span class='ocrx_word' id='word_1_43' title='bbox 149 957 179 1023; x_wconf 92' lang='grc'><strong>1.</strong></span> <span class='ocrx_word' id='word_1_44' title='bbox 202 958 235 1022; x_wconf 88' lang='grc'><strong>2.</strong></span> <span class='ocrx_word' id='word_1_45' title='bbox 252 947 336 1031; x_wconf 74' lang='lat' dir='ltr'><strong>Bul.</strong></span> <span class='ocrx_word' id='word_1_46' title='bbox 360 957 389 1023; x_wconf 85' lang='lat'><strong>1.</strong></span> <span class='ocrx_word' id='word_1_47' title='bbox 422 947 509 1016; x_wconf 85' lang='lat' dir='ltr'><strong>Edd.</strong></span> <span class='ocrx_word' id='word_1_48' title='bbox 532 946 620 1020; x_wconf 85' lang='lat' dir='ltr'><strong>Ven.</strong></span> <span class='ocrx_word' id='word_1_49' title='bbox 638 956 667 1022; x_wconf 92' lang='grc'><strong>1.</strong></span> <span class='ocrx_word' id='word_1_50' title='bbox 689 959 721 1020; x_wconf 88' lang='grc'><strong>2.</strong></span> <span class='ocrx_word' id='word_1_51' title='bbox 743 946 848 1019; x_wconf 77' lang='lat' dir='ltr'><strong>ttlssc.</strong></span> <span class='ocrx_word' id='word_1_52' title='bbox 863 946 984 1021; x_wconf 86' lang='lat' dir='ltr'><strong>Dresd.</strong></span> <span class='ocrx_word' id='word_1_53' title='bbox 1000 948 1153 1024; x_wconf 88' lang='lat' dir='ltr'><strong>Heidelb.</strong></span> 
     </span>
     <span class='ocr_line' id='line_1_7' title="bbox 150 1049 1154 1144; baseline 0.003 -24"><span class='ocrx_word' id='word_1_54' title='bbox 150 1050 341 1144; x_wconf 86' lang='lat' dir='ltr'><strong>Caphereis.</strong></span> <span class='ocrx_word' id='word_1_55' title='bbox 409 1049 568 1122; x_wconf 89' lang='lat' dir='ltr'><strong>Codicem</strong></span> <span class='ocrx_word' id='word_1_56' title='bbox 603 1051 767 1144; x_wconf 82' lang='lat' dir='ltr'><em>Capherei</em></span> <span class='ocrx_word' id='word_1_57' title='bbox 801 1051 1005 1123; x_wconf 79' lang='lat' dir='ltr'><strong>exhibentem</strong></span> <span class='ocrx_word' id='word_1_58' title='bbox 1040 1052 1154 1123; x_wconf 88' lang='lat' dir='ltr'><strong>laudat</strong></span> 
     </span>
     <span class='ocr_line' id='line_1_8' title="bbox 149 1146 1153 1254; baseline -0.004 -25"><span class='ocrx_word' id='word_1_59' title='bbox 149 1158 247 1229; x_wconf 85' lang='lat' dir='ltr'><strong>etiam</strong></span> <span class='ocrx_word' id='word_1_60' title='bbox 268 1156 399 1227; x_wconf 89' lang='lat' dir='ltr'><strong>Delrius</strong></span> <span class='ocrx_word' id='word_1_61' title='bbox 428 1156 471 1254; x_wconf 64' lang='lat' dir='ltr'><strong>in⁸</strong></span> <span class='ocrx_word' id='word_1_62' title='bbox 487 1154 743 1252; x_wconf 90' lang='lat' dir='ltr'><strong>Opinationibus</strong></span> <span class='ocrx_word' id='word_1_63' title='bbox 772 1156 848 1250; x_wconf 86' lang='lat' dir='ltr'><strong>(uhi</strong></span> <span class='ocrx_word' id='word_1_64' title='bbox 871 1158 960 1251; x_wconf 88' lang='lat' dir='ltr'><strong>quod</strong></span> <span class='ocrx_word' id='word_1_65' title='bbox 984 1146 1153 1254; x_wconf 80' lang='lat' dir='ltr'><strong>proponit,</strong></span> 
     </span>
     <span class='ocr_line' id='line_1_9' title="bbox 146 1260 1154 1363; baseline 0.001 -34"><span class='ocrx_word' id='word_1_66' title='bbox 146 1277 271 1331; x_wconf 85' lang='lat' dir='ltr'><strong>mutato</strong></span> <span class='ocrx_word' id='word_1_67' title='bbox 300 1263 474 1332; x_wconf 89' lang='lat' dir='ltr'><strong>verborum</strong></span> <span class='ocrx_word' id='word_1_68' title='bbox 501 1261 614 1331; x_wconf 85' lang='lat' dir='ltr'>ordine</span> <span class='ocrx_word' id='word_1_69' title='bbox 643 1260 818 1354; x_wconf 83' lang='lat' dir='ltr'><strong>legendum</strong></span> <span class='ocrx_word' id='word_1_70' title='bbox 853 1286 959 1363; x_wconf 65' lang='lat' dir='ltr'><strong>esse:¹</strong></span> <span class='ocrx_word' id='word_1_71' title='bbox 978 1263 1089 1331; x_wconf 85' lang='lat' dir='ltr'><strong>Pater</strong></span> <span class='ocrx_word' id='word_1_72' title='bbox 1118 1261 1154 1330; x_wconf 84' lang='lat' dir='ltr'><strong>in</strong></span> 
     </span>
     <span class='ocr_line' id='line_1_10' title="bbox 151 1364 1153 1458; baseline 0.001 -23"><span class='ocrx_word' id='word_1_73' title='bbox 151 1364 332 1458; x_wconf 78' lang='lat' dir='ltr'><em>Caphareis</em></span> <span class='ocrx_word' id='word_1_74' title='bbox 365 1366 462 1436; x_wconf 72' lang='lat' dir='ltr'><em>saris</em></span> <span class='ocrx_word' id='word_1_75' title='bbox 492 1367 607 1458; x_wconf 90' lang='lat' dir='ltr'><strong>pleros</strong></span> <span class='ocrx_word' id='word_1_76' title='bbox 639 1368 793 1436; x_wconf 89' lang='lat' dir='ltr'><strong>Achaeos</strong></span> <span class='ocrx_word' id='word_1_77' title='bbox 821 1366 983 1458; x_wconf 86' lang='lat' dir='ltr'><em>perdidit,</em></span> <span class='ocrx_word' id='word_1_78' title='bbox 1023 1392 1153 1436; x_wconf 89' lang='lat' dir='ltr'><strong>versum</strong></span> 
     </span>
     <span class='ocr_line' id='line_1_11' title="bbox 144 1467 1152 1567; baseline 0 -26"><span class='ocrx_word' id='word_1_79' title='bbox 144 1472 376 1567; x_wconf 85' lang='lat' dir='ltr'><strong>pessumdat).</strong></span> <span class='ocrx_word' id='word_1_80' title='bbox 420 1469 565 1539; x_wconf 86' lang='lat' dir='ltr'>Vossius</span> <span class='ocrx_word' id='word_1_81' title='bbox 593 1470 627 1538; x_wconf 91' lang='lat' dir='ltr'><strong>in</strong></span> <span class='ocrx_word' id='word_1_82' title='bbox 651 1468 797 1564; x_wconf 84' lang='lat' dir='ltr'><strong>Castigg.</strong></span> <span class='ocrx_word' id='word_1_83' title='bbox 829 1470 872 1538; x_wconf 93' lang='lat' dir='ltr'><strong>ad</strong></span> <span class='ocrx_word' id='word_1_84' title='bbox 895 1467 996 1541; x_wconf 85' lang='lat' dir='ltr'><strong>Scriv.</strong></span> <span class='ocrx_word' id='word_1_85' title='bbox 1018 1496 1051 1566; x_wconf 88' lang='lat' dir='ltr'><strong>p.</strong></span> <span class='ocrx_word' id='word_1_86' title='bbox 1076 1481 1152 1546; x_wconf 90' lang='grc'><strong>112.</strong></span> 
     </span>
     <span class='ocr_line' id='line_1_12' title="bbox 144 1574 1150 1671; baseline -0.002 -25"><span class='ocrx_word' id='word_1_87' title='bbox 144 1577 285 1648; x_wconf 86' lang='lat' dir='ltr'><strong>lectione</strong></span> <span class='ocrx_word' id='word_1_88' title='bbox 318 1575 499 1668; x_wconf 83' lang='lat' dir='ltr'><strong>Capherei,</strong></span> <span class='ocrx_word' id='word_1_89' title='bbox 528 1600 626 1671; x_wconf 87' lang='lat' dir='ltr'><strong>quam</strong></span> <span class='ocrx_word' id='word_1_90' title='bbox 654 1601 671 1644; x_wconf 88' lang='lat' dir='ltr'><strong>e</strong></span> <span class='ocrx_word' id='word_1_91' title='bbox 701 1575 775 1644; x_wconf 88' lang='lat' dir='ltr'><strong>sola</strong></span> <span class='ocrx_word' id='word_1_92' title='bbox 796 1574 928 1645; x_wconf 88' lang='lat' dir='ltr'><strong>Veneta</strong></span> <span class='ocrx_word' id='word_1_93' title='bbox 957 1575 1009 1645; x_wconf 90' lang='lat' dir='ltr'><strong>ed.</strong></span> <span class='ocrx_word' id='word_1_94' title='bbox 1039 1574 1150 1668; x_wconf 81' lang='lat' dir='ltr'><strong>cogni-</strong></span> 
     </span>
     <span class='ocr_line' id='line_1_13' title="bbox 144 1678 1151 1775; baseline -0.003 -23"><span class='ocrx_word' id='word_1_95' title='bbox 144 1699 212 1753; x_wconf 89' lang='lat' dir='ltr'><strong>tam</strong></span> <span class='ocrx_word' id='word_1_96' title='bbox 236 1682 390 1765; x_wconf 88' lang='lat' dir='ltr'><strong>habebat,</strong></span> <span class='ocrx_word' id='word_1_97' title='bbox 412 1680 549 1765; x_wconf 64' lang='lat' dir='ltr'><strong>reiecta,</strong></span> <span class='ocrx_word' id='word_1_98' title='bbox 573 1704 674 1774; x_wconf 90' lang='lat' dir='ltr'><strong>quum</strong></span> <span class='ocrx_word' id='word_1_99' title='bbox 696 1703 776 1747; x_wconf 89' lang='lat' dir='ltr'><strong>suus</strong></span> <span class='ocrx_word' id='word_1_100' title='bbox 801 1679 904 1749; x_wconf 83' lang='lat' dir='ltr'><strong>codex</strong></span> <span class='ocrx_word' id='word_1_101' title='bbox 926 1678 1059 1775; x_wconf 78' lang='lat' dir='ltr'><strong>lllsptus</strong></span> <span class='ocrx_word' id='word_1_102' title='bbox 1085 1678 1151 1749; x_wconf 86' lang='lat' dir='ltr'><strong>Ca·</strong></span> 
     </span>
     <span class='ocr_line' id='line_1_14' title="bbox 140 1783 1150 1880; baseline -0.003 -23"><span class='ocrx_word' id='word_1_103' title='bbox 140 1787 276 1880; x_wconf 87' lang='lat' dir='ltr'><strong>phareis</strong></span> <span class='ocrx_word' id='word_1_104' title='bbox 299 1786 486 1880; x_wconf 87' lang='lat' dir='ltr'><strong>praeberet,</strong></span> <span class='ocrx_word' id='word_1_105' title='bbox 509 1784 573 1854; x_wconf 91' lang='lat' dir='ltr'><strong>boc</strong></span> <span class='ocrx_word' id='word_1_106' title='bbox 596 1783 698 1853; x_wconf 84' lang='lat' dir='ltr'><strong>nihilo</strong></span> <span class='ocrx_word' id='word_1_107' title='bbox 723 1784 864 1852; x_wconf 88' lang='lat' dir='ltr'><strong>deterius</strong></span> <span class='ocrx_word' id='word_1_108' title='bbox 889 1809 962 1854; x_wconf 87' lang='lat' dir='ltr'><strong>esse</strong></span> <span class='ocrx_word' id='word_1_109' title='bbox 987 1785 1047 1869; x_wconf 89' lang='lat' dir='ltr'><strong>ait,</strong></span> <span class='ocrx_word' id='word_1_110' title='bbox 1071 1810 1150 1854; x_wconf 92' lang='lat' dir='ltr'><strong>con·</strong></span> 
     </span>
     <span class='ocr_line' id='line_1_15' title="bbox 143 1887 1150 1984; baseline -0.005 -21"><span class='ocrx_word' id='word_1_111' title='bbox 143 1893 220 1963; x_wconf 86' lang='lat' dir='ltr'><strong>ferri</strong></span> <span class='ocrx_word' id='word_1_112' title='bbox 242 1893 359 1961; x_wconf 88' lang='lat' dir='ltr'><strong>iubens</strong></span> <span class='ocrx_word' id='word_1_113' title='bbox 382 1890 531 1984; x_wconf 88' lang='lat' dir='ltr'><strong>Propert.</strong></span> <span class='ocrx_word' id='word_1_114' title='bbox 554 1889 636 1958; x_wconf 88' lang='lat' dir='ltr'><strong>libro</strong></span> <span class='ocrx_word' id='word_1_115' title='bbox 659 1889 721 1956; x_wconf 87' lang='lat' dir='ltr'><strong>lll:</strong></span> <span class='ocrx_word' id='word_1_116' title='bbox 745 1887 807 1980; x_wconf 87' lang='grc'><strong>(11.</strong></span> <span class='ocrx_word' id='word_1_117' title='bbox 830 1899 861 1962; x_wconf 89' lang='grc'><strong>5.</strong></span> <span class='ocrx_word' id='word_1_118' title='bbox 883 1917 913 1957; x_wconf 89' lang='lat' dir='ltr'><strong>v.</strong></span> <span class='ocrx_word' id='word_1_119' title='bbox 937 1893 1011 1981; x_wconf 87' lang='lat'>55.)</span> <span class='ocrx_word' id='word_1_120' title='bbox 1034 1888 1150 1974; x_wconf 86' lang='lat' dir='ltr'><strong>„Saxa</strong></span> 
     </span>
     <span class='ocr_line' id='line_1_16' title="bbox 143 1991 1147 2092; baseline -0.004 -24"><span class='ocrx_word' id='word_1_121' title='bbox 143 1995 355 2092; x_wconf 81' lang='lat' dir='ltr'><strong>triumphales</strong></span> <span class='ocrx_word' id='word_1_122' title='bbox 389 1994 514 2088; x_wconf 85' lang='lat' dir='ltr'><strong>fregere</strong></span> <span class='ocrx_word' id='word_1_123' title='bbox 554 1991 727 2089; x_wconf 83' lang='lat' dir='ltr'><strong>Capherea</strong></span> <span class='ocrx_word' id='word_1_124' title='bbox 760 2006 925 2088; x_wconf 86' lang='lat' dir='ltr'><strong>puppes.“</strong></span> <span class='ocrx_word' id='word_1_125' title='bbox 984 1991 1147 2089; x_wconf 87' lang='lat' dir='ltr'><strong>Synizesis</strong></span> 
     </span>
     <span class='ocr_line' id='line_1_17' title="bbox 144 2097 1148 2192; baseline -0.004 -18"><span class='ocrx_word' id='word_1_126' title='bbox 144 2129 225 2174; x_wconf 86' lang='lat' dir='ltr'><strong>sane</strong></span> <span class='ocrx_word' id='word_1_127' title='bbox 249 2108 317 2169; x_wconf 85' lang='lat' dir='ltr'><strong>non</strong></span> <span class='ocrx_word' id='word_1_128' title='bbox 341 2100 449 2184; x_wconf 83' lang='lat' dir='ltr'><strong>obest3</strong></span> <span class='ocrx_word' id='word_1_129' title='bbox 472 2123 548 2167; x_wconf 89' lang='lat' dir='ltr'><strong>nam</strong></span> <span class='ocrx_word' id='word_1_130' title='bbox 570 2115 607 2167; x_wconf 88' lang='lat' dir='ltr'><strong>ut</strong></span> <span class='ocrx_word' id='word_1_131' title='bbox 627 2098 709 2168; x_wconf 90' lang='lat' dir='ltr'><strong>meis</strong></span> <span class='ocrx_word' id='word_1_132' title='bbox 731 2097 992 2192; x_wconf 84' lang='lat' dir='ltr'><strong>monosyllabum</strong></span> <span class='ocrx_word' id='word_1_133' title='bbox 1009 2117 1058 2168; x_wconf 86' lang='lat' dir='ltr'><strong>est</strong></span> <span class='ocrx_word' id='word_1_134' title='bbox 1082 2106 1148 2189; x_wconf 82' lang='lat' dir='ltr'><strong>(ex.</strong></span> 
     </span>
     <span class='ocr_line' id='line_1_18' title="bbox 145 2201 1147 2303; baseline 0 -29"><span class='ocrx_word' id='word_1_135' title='bbox 145 2234 193 2303; x_wconf 81' lang='lat' dir='ltr'><strong>gr.</strong></span> <span class='ocrx_word' id='word_1_136' title='bbox 216 2205 351 2275; x_wconf 89' lang='lat' dir='ltr'><strong>Terent.</strong></span> <span class='ocrx_word' id='word_1_137' title='bbox 374 2204 439 2274; x_wconf 82' lang='lat' dir='ltr'><strong>Ad.</strong></span> <span class='ocrx_word' id='word_1_138' title='bbox 461 2204 501 2289; x_wconf 90' lang='lat' dir='ltr'><strong>ll,</strong></span> <span class='ocrx_word' id='word_1_139' title='bbox 526 2215 554 2288; x_wconf 91' lang='grc'><strong>1,</strong></span> <span class='ocrx_word' id='word_1_140' title='bbox 579 2210 668 2295; x_wconf 89' lang='grc'><strong>16.),</strong></span> <span class='ocrx_word' id='word_1_141' title='bbox 695 2202 741 2270; x_wconf 88' lang='lat' dir='ltr'><strong>ita</strong></span> <span class='ocrx_word' id='word_1_142' title='bbox 764 2203 862 2272; x_wconf 88' lang='lat' dir='ltr'><strong>etiam</strong></span> <span class='ocrx_word' id='word_1_143' title='bbox 888 2201 1069 2296; x_wconf 86' lang='lat' dir='ltr'><em>Caphareis</em></span> <span class='ocrx_word' id='word_1_144' title='bbox 1092 2207 1147 2275; x_wconf 88' lang='lat' dir='ltr'><strong>tri·</strong></span> 
     </span>
     <span class='ocr_line' id='line_1_19' title="bbox 143 2304 1145 2409; baseline 0 -27"><span class='ocrx_word' id='word_1_145' title='bbox 143 2312 303 2409; x_wconf 87' lang='lat' dir='ltr'><strong>syllabum</strong></span> <span class='ocrx_word' id='word_1_146' title='bbox 325 2335 393 2379; x_wconf 90' lang='lat' dir='ltr'><strong>non</strong></span> <span class='ocrx_word' id='word_1_147' title='bbox 416 2325 526 2404; x_wconf 87' lang='lat' dir='ltr'><strong>potest</strong></span> <span class='ocrx_word' id='word_1_148' title='bbox 546 2306 750 2403; x_wconf 86' lang='lat' dir='ltr'><strong>reprehendi.</strong></span> <span class='ocrx_word' id='word_1_149' title='bbox 787 2304 856 2376; x_wconf 86' lang='lat' dir='ltr'><strong>Sed</strong></span> <span class='ocrx_word' id='word_1_150' title='bbox 878 2308 982 2405; x_wconf 80' lang='lat' dir='ltr'><strong>libros</strong></span> <span class='ocrx_word' id='word_1_151' title='bbox 998 2337 1078 2382; x_wconf 86' lang='lat' dir='ltr'><strong>mss.</strong></span> <span class='ocrx_word' id='word_1_152' title='bbox 1094 2335 1145 2382; x_wconf 91' lang='lat' dir='ltr'><strong>se·</strong></span> 
     </span>
     <span class='ocr_line' id='line_1_20' title="bbox 143 2415 415 2516; baseline -0.011 -29"><span class='ocrx_word' id='word_1_153' title='bbox 143 2419 199 2516; x_wconf 88' lang='lat' dir='ltr'><strong>qui</strong></span> <span class='ocrx_word' id='word_1_154' title='bbox 220 2415 415 2513; x_wconf 82' lang='lat' dir='ltr'><strong>praestabat.</strong></span> 
     </span>
    </p>

    <p class='ocr_par' dir='ltr' id='par_1_2' title="bbox 140 2512 1144 2925">
     <span class='ocr_line' id='line_1_21' title="bbox 231 2512 1144 2614; baseline -0.001 -24"><span class='ocrx_word' id='word_1_155' title='bbox 231 2521 386 2592; x_wconf 87' lang='lat' dir='ltr'><strong>Ceterum</strong></span> <span class='ocrx_word' id='word_1_156' title='bbox 407 2517 549 2589; x_wconf 88' lang='lat' dir='ltr'><strong>narratio</strong></span> <span class='ocrx_word' id='word_1_157' title='bbox 572 2516 628 2586; x_wconf 89' lang='lat' dir='ltr'><strong>illa</strong></span> <span class='ocrx_word' id='word_1_158' title='bbox 644 2515 683 2587; x_wconf 86' lang='lat' dir='ltr'><strong>de</strong></span> <span class='ocrx_word' id='word_1_159' title='bbox 703 2512 877 2613; x_wconf 82' lang='lat' dir='ltr'><strong>Caphereo</strong></span> <span class='ocrx_word' id='word_1_160' title='bbox 892 2518 1049 2588; x_wconf 81' lang='lat' dir='ltr'><strong>Euboeae</strong></span> <span class='ocrx_word' id='word_1_161' title='bbox 1068 2546 1144 2614; x_wconf 85' lang='lat' dir='ltr'><strong>pro-</strong></span> 
     </span>
     <span class='ocr_line' id='line_1_22' title="bbox 141 2620 1144 2720; baseline -0.006 -20"><span class='ocrx_word' id='word_1_162' title='bbox 141 2628 305 2700; x_wconf 88' lang='lat' dir='ltr'><strong>montorio</strong></span> <span class='ocrx_word' id='word_1_163' title='bbox 328 2625 447 2720; x_wconf 88' lang='lat' dir='ltr'><strong>ubique</strong></span> <span class='ocrx_word' id='word_1_164' title='bbox 470 2624 538 2692; x_wconf 86' lang='lat' dir='ltr'><strong>fere</strong></span> <span class='ocrx_word' id='word_1_165' title='bbox 563 2621 667 2692; x_wconf 86' lang='lat' dir='ltr'><strong>obvia.</strong></span> <span class='ocrx_word' id='word_1_166' title='bbox 710 2620 773 2706; x_wconf 69' lang='lat' dir='ltr'><strong>Cf„</strong></span> <span class='ocrx_word' id='word_1_167' title='bbox 796 2624 824 2693; x_wconf 88' lang='lat' dir='ltr'><strong>si</strong></span> <span class='ocrx_word' id='word_1_168' title='bbox 846 2623 927 2693; x_wconf 88' lang='lat' dir='ltr'><strong>tanti</strong></span> <span class='ocrx_word' id='word_1_169' title='bbox 949 2640 1007 2708; x_wconf 86' lang='lat' dir='ltr'><strong>est,</strong></span> <span class='ocrx_word' id='word_1_170' title='bbox 1029 2623 1144 2719; x_wconf 87' lang='lat' dir='ltr'><strong>Eurip.</strong></span> 
     </span>
     <span class='ocr_line' id='line_1_23' title="bbox 143 2725 1142 2826; baseline -0.005 -22"><span class='ocrx_word' id='word_1_171' title='bbox 143 2751 176 2804; x_wconf 90' lang='lat' dir='ltr'><strong>et</strong></span> <span class='ocrx_word' id='word_1_172' title='bbox 196 2733 344 2826; x_wconf 84' lang='lat' dir='ltr'><strong>Propert</strong></span> <span class='ocrx_word' id='word_1_173' title='bbox 367 2729 399 2799; x_wconf 90' lang='lat' dir='ltr'><strong>ll.</strong></span> <span class='ocrx_word' id='word_1_174' title='bbox 424 2754 471 2796; x_wconf 92' lang='grc'><strong>11.</strong></span> <span class='ocrx_word' id='word_1_175' title='bbox 492 2725 608 2821; x_wconf 84' lang='lat' dir='ltr'><strong>Virgil.</strong></span> <span class='ocrx_word' id='word_1_176' title='bbox 632 2728 715 2796; x_wconf 84' lang='lat' dir='ltr'><strong>Aen.</strong></span> <span class='ocrx_word' id='word_1_177' title='bbox 738 2727 796 2813; x_wconf 85' lang='lat' dir='ltr'><strong>XI,</strong></span> <span class='ocrx_word' id='word_1_178' title='bbox 818 2737 895 2805; x_wconf 90' lang='grc'><strong>260.</strong></span> <span class='ocrx_word' id='word_1_179' title='bbox 918 2727 1019 2799; x_wconf 83' lang='lat' dir='ltr'><strong>Ovid.</strong></span> <span class='ocrx_word' id='word_1_180' title='bbox 1040 2728 1142 2800; x_wconf 84' lang='lat' dir='ltr'><strong>Trist.</strong></span> 
     </span>
     <span class='ocr_line' id='line_1_24' title="bbox 140 2832 770 2925; baseline -0.003 -22"><span class='ocrx_word' id='word_1_181' title='bbox 140 2839 167 2925; x_wconf 88' lang='lat' dir='ltr'><strong>I,</strong></span> <span class='ocrx_word' id='word_1_182' title='bbox 192 2847 221 2922; x_wconf 90' lang='lat'><strong>1,</strong></span> <span class='ocrx_word' id='word_1_183' title='bbox 243 2848 313 2912; x_wconf 82' lang='lat'><strong>83..</strong></span> <span class='ocrx_word' id='word_1_184' title='bbox 330 2832 448 2903; x_wconf 75' lang='lat' dir='ltr'><strong>S‘enec.</strong></span> <span class='ocrx_word' id='word_1_185' title='bbox 470 2833 585 2925; x_wconf 81' lang='lat' dir='ltr'><strong>Agam.</strong></span> <span class='ocrx_word' id='word_1_186' title='bbox 609 2840 685 2909; x_wconf 87' lang='grc'><strong>556.</strong></span> <span class='ocrx_word' id='word_1_187' title='bbox 709 2847 770 2902; x_wconf 88' lang='grc'><strong>111.</strong></span> 
     </span>
    </p>
   </div>
   <div class='ocr_carea' id='block_1_2' title="bbox 313 3125 884 3224">
    <p class='ocr_par' dir='ltr' id='par_1_3' title="bbox 313 3125 884 3224">
     <span class='ocr_line' id='line_1_25' title="bbox 313 3125 884 3224; baseline -0.005 -18"><span class='ocrx_word' id='word_1_188' title='bbox 313 3213 314 3216; x_wconf 11' lang='lat'>¹</span> <span class='ocrx_word' id='word_1_189' title='bbox 421 3131 450 3205; x_wconf 93' lang='grc' dir='ltr'><strong>Ι.</strong></span> <span class='ocrx_word' id='word_1_190' title='bbox 501 3127 638 3224; x_wconf 83' lang='lat' dir='ltr'><strong>(Both.</strong></span> <span class='ocrx_word' id='word_1_191' title='bbox 661 3125 801 3215; x_wconf 88' lang='lat' dir='ltr'><strong>Dulor.</strong></span> <span class='ocrx_word' id='word_1_192' title='bbox 825 3126 884 3223; x_wconf 88' lang='grc'><strong>3.)</strong></span> 
     </span>
    </p>
   </div>
   <div class='ocr_carea' id='block_1_3' title="bbox 139 3306 1139 3614">
    <p class='ocr_par' dir='ltr' id='par_1_4' title="bbox 139 3306 1139 3614">
     <span class='ocr_line' id='line_1_26' title="bbox 229 3306 1139 3405; baseline 0 -24"><span class='ocrx_word' id='word_1_193' title='bbox 229 3307 357 3381; x_wconf 84' lang='lat' dir='ltr'><strong>Nom&#39;us</strong></span> <span class='ocrx_word' id='word_1_194' title='bbox 379 3335 412 3405; x_wconf 85' lang='lat' dir='ltr'><strong>p.</strong></span> <span class='ocrx_word' id='word_1_195' title='bbox 437 3318 511 3385; x_wconf 88' lang='grc'><strong>123.</strong></span> <span class='ocrx_word' id='word_1_196' title='bbox 532 3309 652 3380; x_wconf 66' lang='lat' dir='ltr'><strong>Merca</strong></span> <span class='ocrx_word' id='word_1_197' title='bbox 696 3309 886 3394; x_wconf 81' lang='lat' dir='ltr'><strong>,‚Ineertat,</strong></span> <span class='ocrx_word' id='word_1_198' title='bbox 910 3306 1069 3378; x_wconf 87' lang='lat' dir='ltr'><strong>incertum</strong></span> <span class='ocrx_word' id='word_1_199' title='bbox 1090 3309 1139 3381; x_wconf 85' lang='lat' dir='ltr'><strong>la·</strong></span> 
     </span>
     <span class='ocr_line' id='line_1_27' title="bbox 139 3411 1139 3487; baseline 0.002 -2"><span class='ocrx_word' id='word_1_200' title='bbox 139 3415 190 3486; x_wconf 88' lang='lat' dir='ltr'><strong>cit.</strong></span> <span class='ocrx_word' id='word_1_201' title='bbox 247 3413 409 3483; x_wconf 85' lang='lat' dir='ltr'><strong>Pacuvius</strong></span> <span class='ocrx_word' id='word_1_202' title='bbox 443 3411 635 3486; x_wconf 85' lang='lat' dir='ltr'><strong>Duloreste:</strong></span> <span class='ocrx_word' id='word_1_203' title='bbox 688 3415 760 3485; x_wconf 85' lang='lat' dir='ltr'><strong>Sed</strong></span> <span class='ocrx_word' id='word_1_204' title='bbox 789 3439 830 3484; x_wconf 86' lang='lat' dir='ltr'><strong>ne</strong></span> <span class='ocrx_word' id='word_1_205' title='bbox 861 3413 1000 3483; x_wconf 68' lang='lat' dir='ltr'><strong>decertat</strong></span> <span class='ocrx_word' id='word_1_206' title='bbox 1031 3414 1139 3487; x_wconf 76' lang='lat' dir='ltr'><strong>dietis.</strong></span> 
     </span>
     <span class='ocr_line' id='line_1_28' title="bbox 144 3520 494 3614; baseline 0 -24"><span class='ocrx_word' id='word_1_207' title='bbox 144 3521 254 3614; x_wconf 84' lang='lat' dir='ltr'><strong>Quam</strong></span> <span class='ocrx_word' id='word_1_208' title='bbox 274 3545 343 3588; x_wconf 94' lang='lat' dir='ltr'><strong>rem</strong></span> <span class='ocrx_word' id='word_1_209' title='bbox 364 3520 494 3611; x_wconf 75' lang='lat' dir='ltr'><strong>expedi.</strong></span> 
     </span>
    </p>
   </div>
   <div class='ocr_carea' id='block_1_4' title="bbox 135 3659 1145 4072">
    <p class='ocr_par' dir='ltr' id='par_1_5' title="bbox 135 3659 1145 4072">
     <span class='ocr_line' id='line_1_29' title="bbox 230 3659 1145 3743; baseline 0.005 -16"><span class='ocrx_word' id='word_1_210' title='bbox 230 3659 424 3743; x_wconf 83' lang='lat' dir='ltr'><strong>Duloreste]</strong></span> <span class='ocrx_word' id='word_1_211' title='bbox 459 3660 493 3728; x_wconf 85' lang='lat' dir='ltr'><strong>in</strong></span> <span class='ocrx_word' id='word_1_212' title='bbox 524 3659 703 3729; x_wconf 80' lang='lat' dir='ltr'><strong>Duloreste</strong></span> <span class='ocrx_word' id='word_1_213' title='bbox 727 3659 814 3729; x_wconf 87' lang='lat' dir='ltr'><strong>lens.</strong></span> <span class='ocrx_word' id='word_1_214' title='bbox 843 3659 877 3728; x_wconf 88' lang='lat' dir='ltr'><strong>in</strong></span> <span class='ocrx_word' id='word_1_215' title='bbox 906 3659 1034 3730; x_wconf 84' lang='lat' dir='ltr'><strong>Dolore</strong></span> <span class='ocrx_word' id='word_1_216' title='bbox 1060 3660 1145 3733; x_wconf 79' lang='lat' dir='ltr'><strong>Pan·</strong></span> 
     </span>
     <span class='ocr_line' id='line_1_30' title="bbox 136 3760 1136 3862; baseline 0.005 -30"><span class='ocrx_word' id='word_1_217' title='bbox 136 3760 236 3832; x_wconf 86' lang='lat' dir='ltr'><strong>Unde</strong></span> <span class='ocrx_word' id='word_1_218' title='bbox 265 3766 498 3836; x_wconf 84' lang='lat' dir='ltr'><strong>confirmantur</strong></span> <span class='ocrx_word' id='word_1_219' title='bbox 526 3765 786 3862; x_wconf 89' lang='lat' dir='ltr'><strong>quodammodo,</strong></span> <span class='ocrx_word' id='word_1_220' title='bbox 824 3790 907 3861; x_wconf 88' lang='lat' dir='ltr'><strong>quae</strong></span> <span class='ocrx_word' id='word_1_221' title='bbox 939 3765 979 3834; x_wconf 90' lang='lat' dir='ltr'><strong>de</strong></span> <span class='ocrx_word' id='word_1_222' title='bbox 1012 3765 1136 3859; x_wconf 83' lang='lat' dir='ltr'><strong>origine</strong></span> 
     </span>
     <span class='ocr_line' id='line_1_31' title="bbox 137 3869 1136 3966; baseline 0.006 -30"><span class='ocrx_word' id='word_1_223' title='bbox 137 3869 314 3963; x_wconf 82' lang='lat' dir='ltr'><strong>scripturae</strong></span> <span class='ocrx_word' id='word_1_224' title='bbox 336 3869 517 3940; x_wconf 88' lang='lat' dir='ltr'><strong>dolorestes</strong></span> <span class='ocrx_word' id='word_1_225' title='bbox 533 3870 767 3964; x_wconf 81' lang='lat' dir='ltr'><strong>disputavimus</strong></span> <span class='ocrx_word' id='word_1_226' title='bbox 781 3896 856 3966; x_wconf 85' lang='lat' dir='ltr'><strong>pag.</strong></span> <span class='ocrx_word' id='word_1_227' title='bbox 871 3879 924 3944; x_wconf 88' lang='grc'><strong>25.</strong></span> <span class='ocrx_word' id='word_1_228' title='bbox 954 3870 1003 3940; x_wconf 90' lang='lat' dir='ltr'><strong>lbi</strong></span> <span class='ocrx_word' id='word_1_229' title='bbox 1025 3888 1136 3942; x_wconf 88' lang='lat' dir='ltr'><strong>tamen</strong></span> 
     </span>
     <span class='ocr_line' id='line_1_32' title="bbox 135 3973 1135 4072; baseline 0.002 -28"><span class='ocrx_word' id='word_1_230' title='bbox 135 3990 235 4045; x_wconf 84' lang='lat' dir='ltr'><strong>notae</strong></span> <span class='ocrx_word' id='word_1_231' title='bbox 250 3981 304 4050; x_wconf 83' lang='lat'><strong>57.</strong></span> <span class='ocrx_word' id='word_1_232' title='bbox 321 3973 508 4045; x_wconf 86' lang='lat' dir='ltr'><strong>addendum</strong></span> <span class='ocrx_word' id='word_1_233' title='bbox 531 3975 711 4072; x_wconf 86' lang='lat' dir='ltr'><strong>exemplum</strong></span> <span class='ocrx_word' id='word_1_234' title='bbox 731 3976 858 4069; x_wconf 83' lang='lat' dir='ltr'><strong>positae</strong></span> <span class='ocrx_word' id='word_1_235' title='bbox 876 3999 895 4045; x_wconf 91' lang='grc' dir='ltr'><em>ο</em></span> <span class='ocrx_word' id='word_1_236' title='bbox 912 4000 972 4069; x_wconf 89' lang='lat' dir='ltr'><strong>pro</strong></span> <span class='ocrx_word' id='word_1_237' title='bbox 989 3999 1011 4042; x_wconf 87' lang='lat' dir='ltr'><strong>u</strong></span> <span class='ocrx_word' id='word_1_238' title='bbox 1024 3974 1135 4069; x_wconf 84' lang='lat' dir='ltr'><strong>longa.</strong></span> 
     </span>
    </p>
   </div>
   <div class='ocr_carea' id='block_1_5' title="bbox 0 0 1288 4432">
    <p class='ocr_par' dir='ltr' id='par_1_6' title="bbox 0 0 1288 4432">
     <span class='ocr_line' id='line_1_33' title="bbox 0 0 1288 4432; baseline 0 3"><span class='ocrx_word' id='word_1_239' title='bbox 0 0 1288 4432; x_wconf 95' lang='lat' dir='ltr'><strong> </strong></span> 
     </span>
    </p>
   </div>
  </div>
 </body>
</html>
