2566 4432
585 262 634 337 57

112 431 163 511 ex*
177 432 297 510 Troia
322 457 475 521 uxores,
500 430 689 534 praelatas
713 431 797 510 his:
822 439 1025 513 Praeterea
1046 436 1115 535 ad-¹

10 602 13 607 ,
111 547 250 625 didere
276 573 330 637 ea,
356 547 469 648 queis
494 547 645 623 mobile
670 572 741 623 sua
759 561 898 625 natura
917 549 1114 627 muliebre

108 661 317 760 ingenium
355 662 480 759 magis
513 662 724 739 adversum
756 687 852 738 suos
883 663 1114 743 incendere-

109 784 215 852 tur.“
264 774 350 872 (cf.
389 800 490 878 quae
525 774 577 850 de
613 789 745 851 morte
780 777 1003 854 Palamedis
1039 794 1114 855 tra-

111 887 214 965 dunt
239 889 371 965 Schol.
397 888 445 964 ad
471 889 605 989 Eurip.
631 892 758 966 Orest.
783 892 901 992 422).
945 897 1030 970 lam
1056 918 1114 972 sa·

109 1003 159 1077 tis
182 1015 305 1105 patet,
330 1001 431 1105 quid
455 1003 530 1078 sibi
554 1004 676 1080 velint
700 1005 788 1081 ista:

568 1192 650 1250 XIV

109 1313 178 1389 Me
200 1314 356 1389 cdloziur
378 1313 568 1415 suspicio?
588 1312 661 1388 hoc
684 1327 738 1389 cst
761 1290 860 1390 alud
885 1315 993 1417 qudd
1001 1316 1095 1419 sore

114 1424 265 1502 Occcilte
292 1427 402 1504 Oeam
420 1428 611 1529 praedixit
633 1467 684 1482 -

205 1624 361 1722 Itaque,
391 1621 472 1696 iam
505 1636 609 1698 certa
641 1622 814 1710 consilii,
845 1621 989 1698 marito
1022 1621 1115 1696 insi-

48 1814 50 1822 ,
111 1732 195 1811 dias
225 1737 355 1824 struit,
389 1760 565 1837 eumque
597 1734 792 1812 interficit.
841 1740 952 1811 Hanc
983 1760 1116 1811 narra-

62 1886 65 1892 ·
108 1849 263 1927 tionem
290 1848 438 1927 claudit
463 1853 621 1927 Orestes
646 1875 764 1928 versu
787 1850 884 1925 hoc:

580 2039 647 2096 XV.

111 2161 159 2236 Si
178 2160 360 2237 Priamus
387 2161 543 2248 ude'sset,
573 2162 649 2263 ipse
672 2161 754 2236 Iius
779 2161 1113 2237 commuerdscerct.

108 2338 194 2412 Iam
219 2361 313 2414 vero
338 2337 671 2439 Iphigenia-non
698 2336 869 2439 amplius
894 2336 1115 2437 reprimens

110 2451 364 2550 agitationem
390 2451 531 2539 animi,
556 2449 714 2527 clamat:

502 2639 585 2694 XVI.
620 2640 721 2695 XVII.

111 2758 268 2836 Hiccr'ue
291 2759 323 2834 is
348 2775 411 2848 est,
439 2785 550 2864 quem
562 2760 705 2861 sdmoe
727 2760 853 2858 grutr'a
876 2772 964 2834 onte
984 2763 1114 2834 dmnes

661 2871 835 2949 nobilitate
861 2875 983 2951 ez'ros?

110 2977 281 3066 ‘Unitum
310 2990 423 3064 nunc
446 2993 671 3064 marescum
708 2989 878 3088 zitgemo,
919 3005 961 3065 ut
990 2992 1116 3065 merim

654 3117 802 3203 patrem
817 3103 946 3195 ulez'scz'
959 3107 1116 3207 queam!

113 3296 192 3391 Qui
219 3296 302 3374 duo
328 3320 464 3372 versus
491 3297 561 3372 etsi
594 3320 680 3374 non
706 3295 852 3372 eodem
875 3296 968 3374 loco
996 3296 1116 3374 citan-

110 3423 191 3499 tur,
218 3411 518 3508 coniunguntur
541 3425 674 3487 tamen
701 3410 1040 3487 commodissime.

152 3512 155 3517 ’
208 3522 330 3599 Vides
346 3525 573 3613 Pacuvium,
600 3525 669 3626 qui
688 3524 821 3600 solum
842 3528 1024 3603 Orestem
1049 3526 1115 3603 hic

110 3635 367 3714 introducere
399 3638 571 3727 volebat,
603 3639 739 3714 omnia
771 3638 838 3716 illa
858 3639 922 3716 de
952 3641 1115 3742 epistola

113 3763 152 3826 et
175 3749 328 3852 reliqua
350 3752 553 3855 Euripidis
578 3751 739 3829 artificia
764 3755 988 3854 neglexisse,
1013 3756 1116 3831 hanc

111 3879 220 3941 ratus
236 3865 560 3944 verisimillimam
588 3867 862 3964 agnoscendae
882 3869 1031 3945 sororis
1056 3896 1115 3945 ra-

111 3979 282 4069 tionem,
321 3993 359 4057 et
389 4006 491 4083 quae
523 3982 695 4060 maxime
725 3981 777 4060 ad
809 3980 973 4059 affectus
1005 4006 1115 4059 corn-
