2566 4432
613 243 661 316 70

131 447 218 500 non
249 419 423 496 alienum
457 417 695 505 aPacuvio,
732 417 785 492 ita
819 415 995 490 alienum
1031 428 1091 490 est
1125 440 1147 495 a

132 536 360 614 Dulorestez
390 532 536 609 scilicet
560 531 762 609 interemit
787 530 955 632 quidem
982 530 1147 607 Thoan-

134 666 217 728 tem
233 649 437 736 Pacuvius,
456 647 527 723 sed
547 647 620 723 alia
636 644 781 735 fabula,
799 670 885 721 non
902 644 1148 722 Duloreste.“

136 764 340 842 Nimirum
366 789 460 866 cum
479 763 656 858 Chrysen
681 760 928 860 tragoediam
950 759 1149 859 scripserit

136 880 348 967 Pacuvius,
382 879 495 954 cuius
522 891 804 975 argumentum
829 876 1040 976 hucusque
1067 897 1148 949 cre·

76 1073 85 1082 ,
140 983 268 1072 ditum
305 1007 362 1069 est
394 1016 416 1068 e
448 992 552 1067 libro
586 993 615 1066 1.
647 990 797 1080 Iliadis,
828 990 1003 1068 Naelcius
1035 1009 1149 1086 argu-

77 1149 81 1153 ·
139 1123 325 1185 mentum
359 1107 493 1183 statuit
529 1104 649 1194 illud,
692 1106 806 1207 quod
841 1120 974 1183 narrat
1007 1103 1150 1201 Hygin.
1196 1135 1198 1138 ⁴

141 1221 217 1314 fab.
251 1211 341 1312 121³,
381 1221 432 1297 de
464 1221 638 1297 adventu
671 1223 822 1298 Orestis
855 1235 893 1297 et
921 1216 1152 1321 Iphigeniae

143 1338 194 1414 ad
217 1337 448 1423 Sminthios,
476 1350 513 1411 et
536 1334 772 1435 periculum,
792 1337 838 1410 'in
866 1334 979 1437 quod
1005 1333 1062 1408 illi
1088 1355 1151 1406 ve-

142 1451 322 1536 niebant,
360 1473 410 1523 ne
448 1448 620 1526 Thoanti
659 1450 944 1536 redderentur3
980 1462 1070 1524 tum
1101 1444 1153 1520 'ut

92 1577 93 1582 ’
144 1564 300 1662 agnitus
325 1561 445 1637 fuerit
470 1563 638 1660 Chryses
663 1564 815 1656 iunior,
841 1558 1153 1663 Agamemnonis

147 1704 192 1754 ex
231 1677 447 1774 Chryseide
484 1676 609 1765 filius,
649 1691 687 1752 et
725 1704 819 1754 cum
857 1683 998 1757 Oreste
1034 1674 1154 1752 fratre

11 1880 13 1887 y
148 1795 374 1869 Thoantem
398 1791 648 1874 interfecerit.
688 1795 822 1880 „Cum
843 1774 992 1891 Chryse
1012 1790 1155 1866 cohae-

60 1954 67 1972 ·
146 1907 258 1983 rebat
295 1920 333 1981 et
365 1907 514 2005 Chryse
547 1907 856 1984 continuabatur
885 1906 1155 1986 Dulorestes.“

146 2025 253 2098 Haec
294 2021 378 2096 fere
415 2021 598 2096 Na'ekius.
667 2022 746 2096 Sed
788 2036 835 2098 ut
875 2021 1156 2108 concedamus,

147 2134 269 2211 fuisse
301 2133 399 2209 hae'c
431 2135 474 2208 in
504 2133 638 2210 fabula
665 2137 815 2233 Chryse
844 2178 893 2191 —
926 2136 1040 2238 quod
1073 2161 1156 2211 ma·

147 2248 252 2323 xime
279 2247 451 2323 dubium
478 2264 550 2338 est,
581 2249 755 2349 locoque
780 2250 980 2328 mendoso
1007 2252 1156 2339 nititur,

147 2362 214 2438 hic
240 2376 379 2463 *tamen
413 2364 552 2465 nequit
582 2365 766 2467 pluribus
797 2365 946 2468 inquiri
979 2407 1030 2422 —-
1061 2362 1157 2441 inde

148 2489 282 2552 tamen
309 2502 393 2553 non
423 2480 617 2579 sequitur,
648 2480 866 2556 Pacuvium
898 2481 940 2554 in
973 2479 1155 2556 finiendo

149 2591 362 2667 Duloreste
386 2594 600 2694 respexisse
633 2594 714 2701 iam
746 2593 794 2669 ad
821 2594 900 2671 hoc
926 2593 1158 2694 posterioris

149 2702 307 2781 fabulae
340 2722 631 2803 argumentum.
680 2713 738 2806 Ita
766 2709 974 2810 Euripidis,
997 2712 1159 2785 Orestes

153 2833 191 2893 et
219 2820 424 2919 Iphigenia
458 2825 626 2899 Taurica
656 2847 741 2899 non
774 2837 943 2925 possunt
976 2822 1081 2898 inter
1104 2838 1159 2897 'se

151 2933 271 3007 necti:
309 2957 403 3009 narn
441 2937 483 3010 in
521 2937 628 3012 illius
665 2937 747 3013 fine
779 2938 929 3038 Apollo
962 2936 1161 3038 promittit

154 3047 300 3137 Oresti,
339 3074 434 3143 cum
465 3051 528 3135 ah¹
544 3055 755 3152 Areopago
789 3051 995 3127 absolutus
1026 3049 1159 3138 fuerit,

152 3173 238 3236 tum
266 3162 476 3262 liberatum
502 3165 548 3240 iri
567 3166 714 3252 Furiis;
730 3167 781 3265 in
802 3166 968 3241 Taurica
990 3163 1159 3240 demum

151 3301 215 3352 res
239 3278 290 3353 ita
318 3277 598 3379 amplificatur,
618 3294 675 3356 ut
693 3278 797 3380 pars
820 3281 1063 3376 Erinnyum,
1095 3278 1159 3371 cui

152 3389 348 3467 iudicium
368 3417 452 3468 non
470 3392 688 3494 placuisset,
716 3396 898 3470 Orestem
916 3418 1055 3471 vexare
1074 3417 1160 3469 non

154 3502 353 3580 destiterit.
395 3505 518 3584 Aliud
544 3508 771 3608 exemplum
797 3508 1161 3615 luculentissimum

152 3619 449 3714 tragoediarum
468 3647 552 3697 non
574 3623 884 3711 cohaerentium,
911 3651 1161 3726 quamquam

154 3735 389 3831 argumento
415 3726 754 3838 propinquarum,
785 3738 1161 3840 praebent'Sopho«

81 3933 83 3936 ¹
154 3846 259 3924 eleae
285 3846 468 3949 oedipus
500 3865 671 3952 uterque
703 3877 796 3927 cum
821 3853 1032 3951 Antigona.
1084 3857 1162 3943 „At

154 3961 330 4068 Chrysen
364 3963 510 4044 deinde
544 3967 760 4071 excipiebat
791 3969 1009 4076 Hermiona
1037 3973 1161 4057 Pacu·
