2534 4426
589 285 662 359 114

128 494 142 527 .·
205 453 246 525 'in
268 451 432 524 tmetnca
452 469 574 546 saepe]
595 454 631 524 in
651 455 802 526 tenebras
824 476 926 546 saepe
946 455 1039 527 lens.
1054 454 1141 529 Par.

122 558 157 627 r'n
186 559 325 628 tenebn's
352 581 454 648 saepe
474 557 580 629 Hadr.
601 561 673 630 Iun.
702 558 886 629 tenrbrr'cus
914 584 1020 652 saepe
1047 566 1139 656 (om.

123 662 179 757 in)
213 663 257 738 Η.
286 662 402 758 Steph.
430 665 484 754 (et
509 661 635 735 Vossio
666 687 705 732 ac
734 663 886 733 Mercero
912 663 1138 736 'referentibus

123 766 229 862 Mspti
259 784 291 838 et
321 767 372 836 ed.
395 765 493 858 Ald.)
543 767 631 838 Hinc
655 766 802 861 Scaliger
830 784 862 837 et
890 767 997 841 Marc.
1031 769 1139 842 dede-

125 887 202 939 runt
223 872 258 941 in
278 870 444 941 tenebricn
469 895 589 963 saepe5
615 872 650 941 in
679 871 818 942 tenebris
846 897 948 942 saeta
973 876 1140 969 proponit

124 972 234 1059 Delo,
259 973 464 1069 'scaligerum
497 992 677 1071 sequuntur
704 976 818 1061 ceteri,
847 976 912 1046 nisi
939 978 1032 1072 quod
1053 995 1140 1072 sepe

126 1077 217 1148 dedit
238 1076 340 1150 Both.
717 1081 719 1085 '

214 1181 350 1279 Optime
373 1184 517 1255 Vossius
548 1182 582 1252 in
608 1180 903 1277 Castigationihus:
947 1183 1141 1274 „Valde,“

126 1286 244 1383 inquit,
277 1304 431 1374 „metuo,
460 1314 502 1358 ne
534 1303 618 1357 erret
639 1284 782 1374 Nonius,
813 1315 886 1357 cum
913 1300 1002 1359 torto
1032 1290 1138 1362 inter-

9 1445 17 1451 .
126 1408 272 1485 pretatur
299 1404 461 1461 tormento
467 1418 481 1471 ,·
510 1416 588 1459 nam
617 1391 688 1486 quis
716 1409 862 1462 veterum
890 1393 935 1462 ita
961 1393 1139 1489 loquitur?

128 1491 242 1582 Quare
272 1494 337 1564 hoc
367 1495 476 1590 potins
509 1493 586 1562 dicit
612 1509 726 1589 poeta:
755 1496 815 1564 tihi
828 1506 927 1566 ¹torto
950 1497 1139 1570 distraham

126 1597 290 1686 membra,
312 1598 345 1668 h.
363 1625 392 1668 e.
413 1597 490 1667 dum
506 1598 683 1694 torqueris;
705 1623 782 1668 nam
798 1599 972 1695 praeterita
984 1604 1138 1696 passiva,

128 1702 205 1798 quia
233 1703 461 1798 praesentibus
492 1719 603 1773 carent
631 1702 756 1786 Latini,
793 1728 893 1799 saepe
921 1703 1137 1798 significatio·

127 1832 205 1876 nem
227 1806 350 1876 hahent
363 1807 562 1880 Praesentis.
570 1821 591 1853 “
626 1806 769 1878 Videtur
789 1831 870 1877 saue
891 1806 942 1877 vix
958 1810 1137 1906 qnisquam

128 1908 222 1979 aliter
244 1910 578 2006 accipere''potuisse;
600 1937 707 2007 neque
729 1911 885 2006 intelligo,
914 1936 979 2008 qua
999 1915 1134 1984 ratione

130 2012 372 2096 Grammaticus
389 2015 587 2107 singularem
604 2013 694 2083 illum
715 2040 812 2084 usum
829 2015 1029 2111 explicuerit3
1056 2043 1135 2087 nam

129 2117 170 2187 de
192 2133 343 2187 truncato
366 2118 525 2187 vocabulo
541 2117 592 2187 vix
608 2117 834 2212 cogitandum3
858 2119 921 2188 nisi
940 2119 1025 2191 sorte
1044 2122 1133 2192 ahla·

128 2223 230 2292 tivum
251 2234 341 2291 torto
362 2221 487 2317 putavit
519 2246 591 2292 esse
621 2246 642 2290 a
673 2234 777 2290 tonus
804 2223 850 2290 ita
875 2221 1064 2305 formatum,
1093 2243 1131 2295 ut

128 2337 262 2396 senatus
284 2324 361 2396 facit
380 2336 496 2396 senato
523 2325 607 2420 (vid.
631 2324 769 2414 Quintil
792 2327 816 2411 l,
838 2336 871 2411 6,
889 2334 978 2418 22).

28 2489 32 2499 .
135 2433 137 2437 ⁴
214 2429 269 2498 Ad
292 2456 405 2501 vocem
427 2432 546 2501 tenebr.
568 2455 660 2522 saep.
684 2429 908 2525 explicandam
932 2432 972 2502 cf.
988 2433 1132 2504 Merces.

128 2533 171 2604 ad
193 2531 280 2605 Nou.
302 2562 334 2631 p.
360 2545 439 2612 139:
475 2587 504 2619 a„
521 2534 557 2604 Τ.
579 2559 607 2602 s.
631 2549 681 2602 est
703 2535 927 2606 tenebricosos
951 2561 1073 2622 carcer,
1097 2555 1136 2609 ut

134 2639 310 2709 Tenobrica
333 2639 440 2733 plaga
467 2639 502 2707 iu
527 2637 674 2708 versibus
700 2635 868 2710 Ciceronis
902 2667 941 2710 cx
963 2640 1135 2737 Aeschylo

86 2791 89 2796 -
128 2743 232 2814 Tusc.
266 2743 308 2812 Π.
341 2745 432 2837 (cap.
465 2751 498 2816 8.
556 2741 684 2813 Versus
719 2769 796 2816 vero
832 2761 908 2814 sunt
944 2771 961 2814 e
997 2742 1136 2841 Sopho-

126 2847 185 2916 clis
210 2845 396 2917 Trachiniis
420 2850 505 2922 1046
528 2850 619 2942 sqq.)
648 2845 760 2942 Eurip.
782 2845 908 2919 Bacch.
935 2856 987 2938 (v.
1010 2856 1134 2945 549.):

128 2947 286 3043 σκοτίαις
300 2950 465 3061 ικρυπτδν
491 2955 521 3033 it
546 2952 727 3060 tiptruitt‘
761 2958 938 3056 Reperitur
958 2976 1134 3056 praeterea

127 3065 215 3161 apud
242 3063 436 3139 Tertullian.
469 3065 510 3135 de
527 3081 528 3084 ’
544 3064 621 3161 pall.
649 3067 681 3152 l,
716 3079 790 3136 extr.
826 3064 992 3134 tenebrica
1020 3068 1134 3138 vestis.

125 3167 298 3239 Postremo
321 3167 430 3240 Varro
458 3169 500 3239 R.
530 3169 572 3240 R.
599 3170 625 3255 l,
655 3173 707 3255 14,
735 3167 803 3236 init.
830 3193 958 3261 sepem,
986 3183 1130 3262 septran,

128 3287 160 3340 et
180 3273 392 3364 sepimentum
399 3326 409 3358 ,
431 3299 546 3369 parum
567 3274 652 3343 inter
673 3284 709 3344 se
733 3270 861 3343 differre
886 3273 1040 3345 ostendit.
1090 3276 1134 3348 cl.

126 3373 229 3445 Voss.
251 3376 391 3472 Etymol.
414 3403 441 3447 s.
463 3408 493 3449 v.
516 3379 689 3470 Saeptum,
719 3377 776 3447 ubi
797 3377 955 3474 scriptura
975 3402 1077 3472 sepes
1102 3398 1136 3453 et

124 3490 252 3570 septum
273 3482 362 3552 nuda
383 3480 488 3552 vocali
509 3481 700 3578 praefertur.

309 3712 478 3807 xxxin.
530 3713 665 3810 (noth.
690 3712 829 3790 onor.
855 3711 936 3814 19.)

210 3872 341 3946 Nonius
361 3900 395 3970 p.
419 3884 471 3952 13.
493 3875 612 3947 Mero:
645 3875 824 3969 „Crepem
843 3904 903 3949 res
919 3878 1054 3974 proprie
1079 3880 1132 3950 di-

123 3973 205 4047 citur
226 3976 339 4064 dubia,
367 3978 456 4052 unde
488 3996 521 4052 ct
548 3981 775 4078 crepusculum
798 3983 914 4056 dicitur
935 3981 992 4053 lux
1012 3984 1131 4071 dubia,
