2566 4432
438 352 441 356 ,
534 268 606 342 105

78 443 226 516 Verbum
250 442 335 511 enim
355 439 560 510 consternari
579 465 653 509 cum
675 437 766 508 nullo
789 438 852 508 alio
875 441 950 533 locq
973 466 1075 512 sensu

78 549 161 643 erigi
187 546 391 628 adhiheatur,
425 571 530 640 neque
564 543 631 614 ullo
665 545 765 615 modo
799 545 934 639 intelligi
960 548 1075 642 possit,

77 653 165 722 unde
187 651 273 720 hanc
295 649 565 744 significationem
588 651 763 742 acceperit,
789 653 980 746 eotfirmeri
997 678 1075 723 vero

78 775 112 828 et
134 757 293 852 scriptura
314 781 382 823 non
403 754 502 847 longe
525 778 545 822 a
566 751 705 821 lectione
728 752 859 847 vulgata
876 754 1022 824 discedat
1045 771 1078 825 et

79 861 190 932 sensui
213 859 413 955 aptissimum
439 858 499 942 sit,
528 855 639 951 quidni
670 855 746 925 inde
776 857 928 928 concludi
956 875 1076 954 potest,

78 964 222 1039 Nonium
244 963 296 1034 vel
318 963 492 1058 depravato
509 960 643 1031 Pacuvii
666 977 753 1029 textu
774 986 871 1030 usum
892 963 1004 1049 luisse,
1026 964 1077 1035 vel

65 1071 164 1165 'male
186 1069 306 1164 legisse
328 1067 485 1136 librarios.
521 1067 591 1135 lam
614 1063 781 1134 Gesnerus
804 1065 864 1136 lex.
889 1093 915 1137 s.
937 1098 967 1139 v,
994 1067 1078 1138 Cou-
1183 1060 1186 1069 ¹

80 1174 239 1246 stemeri:
283 1170 348 1257 „Si
370 1169 523 1254 Nonio,“
551 1170 669 1264 inquit,
698 1171 908 1258 „eredimus,'
929 1175 963 1243 in
988 1190 1079 1244 vetn-

82 1297 132 1371 sta
153 1279 263 1372 lingna
283 1277 345 1346 fuit
365 1303 425 1372 pro
448 1275 536 1369 erigi.
544 1287 564 1320 ‘⁴

285 1584 418 1660 XXVI.
467 1581 603 1676 (Both.
629 1581 767 1657 Dulor.
794 1583 875 1680 11.)

171 1798 300 1872 Nonium
323 1823 355 1892 p.
376 1798 454 1873 349.
476 1796 580 1867 Merc.
604 1826 633 1867 v.
657 1799 830 1867 Mactere:
852 1840 923 1883 „-
943 1838 989 1853 -
1009 1799 1083 1868 Ma-

84 1923 172 1976 ctare
196 1920 246 1974 est
267 1902 370 1995 magis
400 1928 529 1995 augere.
556 1947 601 1956 -
629 1945 672 1958 -
704 1902 1083 1973 Pacuvius'Dnloreste:

85 2014 200 2081 Macte
221 2022 292 2080 esto
315 2009 430 2077 virtute
452 2032 631 2102 operaque,
656 2032 809 2102 omenque
831 2009 1019 2099 approb0.“
1078 2072 1080 2077 ⁴

171 2117 211 2184 ln
243 2113 386 2183 lectione
421 2113 629 2184 consentiunt
662 2113 735 2186 edd.
768 2110 954 2207 Stephanus
987 2113 1109 2199 inter-¹

83 2220 199 2316 pungit
226 2235 304 2315 post
325 2241 506 2311 operaque,
536 2226 674 2314 eumque
702 2234 884 2312 sequuntur
905 2218 1085 2306 Mercerus,

86 2325 190 2395 Serio.
222 2325 296 2415 (lta
320 2323 407 2392 etin
432 2320 532 2416 Corp.
554 2321 679 2404 Poeta,
707 2321 763 2389 uhi
786 2322 931 2390 ultimum
952 2325 1087 2393 verbnm

87 2448 241 2499 excusum
271 2443 335 2496 est:
368 2439 613 2520 ,‚approsere;“
641 2427 923 2521 typographorum
952 2429 1087 2513 incuria,

88 2533 227 2630 quaein
253 2531 316 2601 hoc
344 2532 427 2601 lihro
457 2531 610 2626 frequens
640 2526 737 2624 est.).'
775 2531 923 2613 Delrius,
955 2532 1010 2624 qui
1036 2533 1087 2602 iti-

88 2639 171 2711 dem,
191 2636 374 2728 distinguit,
403 2651 516 2703 monet
542 2635 575 2703 in
601 2635 767 2729 Opinatt.:
812 2628 959 2721 „Nonne
987 2664 1087 2706 venu-

88 2743 170 2812 stius
197 2741 333 2831 legerisz
368 2740 418 2808 M.
447 2764 474 2807 e.
500 2766 541 2818 a,
578 2746 742 2833 opertique
776 2766 869 2810 omen
902 2745 1059 2832 approba.
1068 2756 1089 2790 “

90 2845 153 2915 Cui
188 2844 330 2915 Bothius
369 2843 596 2938 adstipulatur,
635 2845 779 2912 addens:
825 2844 969 2928 „Putide
1003 2847 1088 2916 lihri:

88 2973 266 3042 operaque,
291 2973 444 3042 omenque
466 2962 525 3017 e.“
546 2993 591 3002 —

176 3053 339 3149 Equidem
367 3079 436 3122 non
470 3053 659 3122 mutaverim
690 3050 947 3148 Stephanianam
977 3056 1089 3124 distin·

91 3161 232 3230 ctionem
240 3181 252 3246 3
282 3180 430 3225 namne
459 3157 595 3227 haereas
618 3157 652 3224 in
675 3182 776 3249 opere
799 3159 841 3227 ad
864 3158 1010 3226 ei'rtutem
1032 3160 1089 3228 ad-

88 3265 181 3342 iecta,
205 3277 292 3332 vetat
314 3260 425 3330 Livius
448 3262 490 3345 X,
505 3269 564 3335 4οε
587 3261 673 3345 „Tu
696 3262 826 3357 quidem
848 3272 955 3330 macte
977 3263 1092 3332 virtute

47 3382 50 3387 ’
88 3366 318 3461 diligentiaque
351 3378 442 3434 esto:
475 3382 616 3435 ceterum
651 3367 707 3462 qui
740 3367 887 3461 auspicio
924 3366 1029 3451 adest,
1062 3369 1091 3438 si

91 3473 169 3568 quid
191 3471 262 3539 salsi
286 3471 436 3553 nunciat,
465 3469 500 3537 in
529 3487 631 3538 semet
660 3470 766 3564 ipsum
793 3471 984 3564 religionem
1009 3474 1091 3542 reci·

90 3577 147 3673 pit,
192 3575 276 3644 Mihi
300 3576 430 3671 quidem
453 3574 626 3668 tripudium
649 3575 855 3659 nunciatum,
877 3577 998 3671 populo
1022 3577 1091 3648 Ro-

91 3701 190 3750 mano
215 3681 427 3775 exercituique
452 3680 617 3773 egregium
641 3678 820 3773 auspicium
850 3697 907 3749 est.
916 3694 935 3724 “
977 3682 1092 3777 Itaque

89 3786 200 3857 locum
222 3782 297 3852 huic
314 3785 422 3853 versui
444 3809 544 3879 supra
559 3784 723 3877 assignavi
739 3783 845 3868 talem,
868 3785 924 3854 uhi
938 3785 1093 3856 librorum

92 3891 249 3985 scriptura
265 3888 424 3958 videretur
445 3888 521 3960 ferri
542 3913 653 3984 posse.
685 3887 840 3958 Attamen
863 3914 931 3956 non
946 3915 1093 3983 premam

60 4080 63 4085 g
92 3994 314 4090 suspicionem
346 3982 522 4090 aliquando
557 3993 730 4063 subnatam
768 3994 811 4063 oh
848 3990 1093 4064 similitudinem
