<?xml version="1.0" encoding="UTF-8"?>
<!DOCTYPE html PUBLIC "-//W3C//DTD XHTML 1.0 Transitional//EN"
    "http://www.w3.org/TR/xhtml1/DTD/xhtml1-transitional.dtd">
<html xmlns="http://www.w3.org/1999/xhtml" xml:lang="en" lang="en">
 <head>
  <title>
</title>
<meta http-equiv="Content-Type" content="text/html;charset=utf-8" />
  <meta name='ocr-system' content='tesseract 3.04.00' />
  <meta name='ocr-capabilities' content='ocr_page ocr_carea ocr_par ocr_line ocrx_word'/>
</head>
<body>
  <div class='ocr_page' id='page_1' title='image "./demracuviidulor00stiegoog_0011.png"; bbox 0 0 2566 4432; ppageno 0'>
   <div class='ocr_carea' id='block_1_1' title="bbox 163 254 219 325">
    <p class='ocr_par' dir='ltr' id='par_1_1' title="bbox 163 254 219 325">
     <span class='ocr_line' id='line_1_1' title="bbox 163 254 219 325; baseline -0.125 0"><span class='ocrx_word' id='word_1_1' title='bbox 163 254 219 325; x_wconf 74' lang='lat' dir='ltr'><em>,v1</em></span> 
     </span>
    </p>
   </div>
   <div class='ocr_carea' id='block_1_2' title="bbox 181 403 1212 1037">
    <p class='ocr_par' dir='ltr' id='par_1_2' title="bbox 181 403 1212 1037">
     <span class='ocr_line' id='line_1_2' title="bbox 181 403 1179 506; baseline -0.006 -20"><span class='ocrx_word' id='word_1_2' title='bbox 181 430 373 495; x_wconf 83' lang='lat' dir='ltr'>censeam,</span> <span class='ocrx_word' id='word_1_3' title='bbox 398 403 468 506; x_wconf 88' lang='lat' dir='ltr'><em>qui</em></span> <span class='ocrx_word' id='word_1_4' title='bbox 492 427 694 480; x_wconf 87' lang='lat' dir='ltr'><strong>memores</strong></span> <span class='ocrx_word' id='word_1_5' title='bbox 720 403 975 502; x_wconf 84' lang='lat' dir='ltr'><em>egregiarum,</em></span> <span class='ocrx_word' id='word_1_6' title='bbox 1002 426 1104 505; x_wconf 91' lang='lat' dir='ltr'><em>quae</em></span> <span class='ocrx_word' id='word_1_7' title='bbox 1128 403 1179 480; x_wconf 92' lang='lat' dir='ltr'><em>ad</em></span> 
     </span>
     <span class='ocr_line' id='line_1_3' title="bbox 181 534 1212 642; baseline -0.003 -26"><span class='ocrx_word' id='word_1_8' title='bbox 181 562 257 617; x_wconf 91' lang='lat' dir='ltr'><em>nos</em></span> <span class='ocrx_word' id='word_1_9' title='bbox 273 561 496 642; x_wconf 87' lang='lat' dir='ltr'><em>pervenere,</em></span> <span class='ocrx_word' id='word_1_10' title='bbox 522 536 792 639; x_wconf 86' lang='lat' dir='ltr'><em>reliquiarum,</em></span> <span class='ocrx_word' id='word_1_11' title='bbox 812 534 1012 612; x_wconf 82' lang='lat' dir='ltr'><em>vindicare</em></span> <span class='ocrx_word' id='word_1_12' title='bbox 1027 551 1180 636; x_wconf 88' lang='lat' dir='ltr'><em>tragoe-</em></span> <span class='ocrx_word' id='word_1_13' title='bbox 1203 553 1212 567; x_wconf 83' lang='lat'><strong>·</strong></span> 
     </span>
     <span class='ocr_line' id='line_1_4' title="bbox 182 668 1180 785; baseline -0.002 -37"><span class='ocrx_word' id='word_1_14' title='bbox 182 671 290 748; x_wconf 93' lang='lat' dir='ltr'><em>diam</em></span> <span class='ocrx_word' id='word_1_15' title='bbox 319 670 512 785; x_wconf 78' lang='lat' dir='ltr'><em>Romanis</em></span> <span class='ocrx_word' id='word_1_16' title='bbox 546 669 753 769; x_wconf 76' lang='lat' dir='ltr'>diligenter</span> <span class='ocrx_word' id='word_1_17' title='bbox 784 668 1025 746; x_wconf 88' lang='lat' dir='ltr'><em>studuerunt</em></span> <span class='ocrx_word' id='word_1_18' title='bbox 1047 670 1108 768; x_wconf 62' lang='grc' dir='ltr'><em>ν),</em></span> <span class='ocrx_word' id='word_1_19' title='bbox 1142 684 1180 746; x_wconf 89' lang='lat' dir='ltr'><em>et</em></span> 
     </span>
     <span class='ocr_line' id='line_1_5' title="bbox 184 799 1206 908; baseline -0.002 -27"><span class='ocrx_word' id='word_1_20' title='bbox 184 805 253 908; x_wconf 91' lang='lat' dir='ltr'><em>qui</em></span> <span class='ocrx_word' id='word_1_21' title='bbox 278 805 375 880; x_wconf 84' lang='lat' dir='ltr'><em>haec</em></span> <span class='ocrx_word' id='word_1_22' title='bbox 400 801 529 879; x_wconf 88' lang='lat' dir='ltr'><em>studia</em></span> <span class='ocrx_word' id='word_1_23' title='bbox 548 806 661 904; x_wconf 85' lang='lat' dir='ltr'><em>longe</em></span> <span class='ocrx_word' id='word_1_24' title='bbox 673 818 863 904; x_wconf 83' lang='lat' dir='ltr'><em>patentem</em></span> <span class='ocrx_word' id='word_1_25' title='bbox 878 803 1034 880; x_wconf 77' lang='lat' dir='ltr'><em>honoris</em></span> <span class='ocrx_word' id='word_1_26' title='bbox 1046 799 1085 881; x_wconf 62' lang='lat' dir='ltr'><em>xet</em></span> <span class='ocrx_word' id='word_1_27' title='bbox 1099 806 1180 905; x_wconf 86' lang='lat' dir='ltr'><em>glo·</em></span> <span class='ocrx_word' id='word_1_28' title='bbox 1203 885 1206 889; x_wconf 61' lang='grc'><strong>,</strong></span> 
     </span>
     <span class='ocr_line' id='line_1_6' title="bbox 182 934 1179 1037; baseline -0.006 -21"><span class='ocrx_word' id='word_1_29' title='bbox 182 940 261 1015; x_wconf 86' lang='lat' dir='ltr'><em>u&#39;ae</em></span> <span class='ocrx_word' id='word_1_30' title='bbox 284 964 471 1036; x_wconf 75' lang='lat' dir='ltr'><em>campum,</em></span> <span class='ocrx_word' id='word_1_31' title='bbox 498 937 689 1012; x_wconf 82' lang='lat' dir='ltr'><em>materiem</em></span> <span class='ocrx_word' id='word_1_32' title='bbox 713 937 804 1013; x_wconf 82' lang='lat' dir='ltr'><em>artis</em></span> <span class='ocrx_word' id='word_1_33' title='bbox 830 940 978 1037; x_wconf 79' lang='lat' dir='ltr'><em>largam</em></span> <span class='ocrx_word' id='word_1_34' title='bbox 998 951 1032 1013; x_wconf 86' lang='lat' dir='ltr'><em>et</em></span> <span class='ocrx_word' id='word_1_35' title='bbox 1052 938 1113 1012; x_wconf 77' lang='lat' dir='ltr'><em>aia</em></span> <span class='ocrx_word' id='word_1_36' title='bbox 1130 934 1179 1012; x_wconf 84' lang='lat' dir='ltr'><em>ab</em></span> 
     </span>
    </p>
   </div>
   <div class='ocr_carea' id='block_1_3' title="bbox 62 1058 1182 1167">
    <p class='ocr_par' dir='ltr' id='par_1_3' title="bbox 62 1058 1182 1167">
     <span class='ocr_line' id='line_1_7' title="bbox 62 1058 1182 1167; baseline -0.004 -19"><span class='ocrx_word' id='word_1_37' title='bbox 62 1162 65 1167; x_wconf 21' lang='lat'>¹</span> <span class='ocrx_word' id='word_1_38' title='bbox 184 1099 262 1148; x_wconf 89' lang='lat' dir='ltr'><em>uno</em></span> <span class='ocrx_word' id='word_1_39' title='bbox 288 1069 587 1147; x_wconf 79' lang='lat' dir='ltr'><em>exhauriendam</em></span> <span class='ocrx_word' id='word_1_40' title='bbox 605 1058 640 1166; x_wconf 61' lang='lat' dir='ltr'><em>i)</em></span> <span class='ocrx_word' id='word_1_41' title='bbox 667 1093 750 1144; x_wconf 88' lang='lat' dir='ltr'><em>esse</em></span> <span class='ocrx_word' id='word_1_42' title='bbox 766 1081 1022 1144; x_wconf 88' lang='lat' dir='ltr'><em>monuerunt</em></span> <span class='ocrx_word' id='word_1_43' title='bbox 1066 1068 1182 1144; x_wconf 83' lang='lat' dir='ltr'><em>Certe</em></span> 
     </span>
    </p>
   </div>
   <div class='ocr_carea' id='block_1_4' title="bbox 93 1198 1275 2101">
    <p class='ocr_par' dir='ltr' id='par_1_4' title="bbox 93 1198 1275 2101">
     <span class='ocr_line' id='line_1_8' title="bbox 182 1198 1181 1303; baseline -0.006 -24"><span class='ocrx_word' id='word_1_44' title='bbox 182 1228 267 1279; x_wconf 92' lang='lat' dir='ltr'><em>non</em></span> <span class='ocrx_word' id='word_1_45' title='bbox 293 1198 554 1303; x_wconf 83' lang='lat' dir='ltr'><em>spernendam</em></span> <span class='ocrx_word' id='word_1_46' title='bbox 583 1214 695 1289; x_wconf 89' lang='lat' dir='ltr'><em>aetas,</em></span> <span class='ocrx_word' id='word_1_47' title='bbox 722 1226 824 1303; x_wconf 89' lang='lat' dir='ltr'><em>quae</em></span> <span class='ocrx_word' id='word_1_48' title='bbox 849 1200 991 1276; x_wconf 92' lang='lat' dir='ltr'><em>talibus</em></span> <span class='ocrx_word' id='word_1_49' title='bbox 1015 1199 1181 1299; x_wconf 90' lang='lat' dir='ltr'><em>insignis</em></span> 
     </span>
     <span class='ocr_line' id='line_1_9' title="bbox 98 1331 1213 1433; baseline -0.004 -22"><span class='ocrx_word' id='word_1_50' title='bbox 98 1367 103 1379; x_wconf 62' lang='lat'><strong><em>¹</em></strong></span> <span class='ocrx_word' id='word_1_51' title='bbox 184 1348 242 1412; x_wconf 90' lang='lat' dir='ltr'><em>est</em></span> <span class='ocrx_word' id='word_1_52' title='bbox 265 1332 503 1430; x_wconf 82' lang='lat' dir='ltr'><em>fragmentis,</em></span> <span class='ocrx_word' id='word_1_53' title='bbox 527 1337 738 1433; x_wconf 70' lang='lat' dir='ltr'><em>poetarum</em></span> <span class='ocrx_word' id='word_1_54' title='bbox 756 1335 899 1409; x_wconf 89' lang='lat' dir='ltr'><em>seriem</em></span> <span class='ocrx_word' id='word_1_55' title='bbox 916 1331 1099 1411; x_wconf 91' lang='lat' dir='ltr'><em>habuerit</em></span> <span class='ocrx_word' id='word_1_56' title='bbox 1113 1357 1183 1407; x_wconf 88' lang='lat' dir='ltr'><em>ne·</em></span> <span class='ocrx_word' id='word_1_57' title='bbox 1206 1368 1213 1378; x_wconf 94' lang='lat'>·</span> 
     </span>
     <span class='ocr_line' id='line_1_10' title="bbox 185 1464 1180 1566; baseline -0.001 -25"><span class='ocrx_word' id='word_1_58' title='bbox 185 1490 291 1541; x_wconf 88' lang='lat' dir='ltr'><em>cesse</em></span> <span class='ocrx_word' id='word_1_59' title='bbox 317 1478 384 1540; x_wconf 88' lang='lat' dir='ltr'><em>est.</em></span> <span class='ocrx_word' id='word_1_60' title='bbox 434 1468 546 1558; x_wconf 89' lang='lat' dir='ltr'><em>Quae</em></span> <span class='ocrx_word' id='word_1_61' title='bbox 571 1490 654 1566; x_wconf 95' lang='lat' dir='ltr'><em>quo</em></span> <span class='ocrx_word' id='word_1_62' title='bbox 681 1466 898 1541; x_wconf 81' lang='lat' dir='ltr'><em>accuratius</em></span> <span class='ocrx_word' id='word_1_63' title='bbox 924 1464 1106 1564; x_wconf 84' lang='lat' dir='ltr'>cognovi,</span> <span class='ocrx_word' id='word_1_64' title='bbox 1132 1488 1180 1541; x_wconf 90' lang='lat' dir='ltr'><em>eo</em></span> 
     </span>
     <span class='ocr_line' id='line_1_11' title="bbox 183 1596 1183 1698; baseline 0 -26"><span class='ocrx_word' id='word_1_65' title='bbox 183 1596 459 1674; x_wconf 85' lang='lat' dir='ltr'><em>vehementius</em></span> <span class='ocrx_word' id='word_1_66' title='bbox 496 1596 694 1688; x_wconf 89' lang='lat' dir='ltr'><em>adamavi,</em></span> <span class='ocrx_word' id='word_1_67' title='bbox 737 1623 786 1675; x_wconf 93' lang='lat' dir='ltr'><em>eo</em></span> <span class='ocrx_word' id='word_1_68' title='bbox 823 1598 987 1674; x_wconf 89' lang='lat' dir='ltr'><em>maioris</em></span> <span class='ocrx_word' id='word_1_69' title='bbox 1025 1622 1183 1698; x_wconf 90' lang='lat' dir='ltr'><em>semper</em></span> 
     </span>
     <span class='ocr_line' id='line_1_12' title="bbox 185 1726 1184 1831; baseline -0.002 -24"><span class='ocrx_word' id='word_1_70' title='bbox 185 1730 393 1831; x_wconf 78' lang='lat' dir='ltr'><em>aestimavi.</em></span> <span class='ocrx_word' id='word_1_71' title='bbox 449 1734 604 1824; x_wconf 88' lang='lat' dir='ltr'><em>Quanta</em></span> <span class='ocrx_word' id='word_1_72' title='bbox 637 1730 745 1805; x_wconf 91' lang='lat' dir='ltr'><em>enim</em></span> <span class='ocrx_word' id='word_1_73' title='bbox 777 1730 820 1804; x_wconf 91' lang='lat' dir='ltr'><em>in</em></span> <span class='ocrx_word' id='word_1_74' title='bbox 852 1726 971 1807; x_wconf 83' lang='lat' dir='ltr'><em>Accio</em></span> <span class='ocrx_word' id='word_1_75' title='bbox 1004 1730 1184 1807; x_wconf 88' lang='lat' dir='ltr'><em>sublimi-</em></span> 
     </span>
     <span class='ocr_line' id='line_1_13' title="bbox 93 1837 1275 1965; baseline 0 -25"><span class='ocrx_word' id='word_1_76' title='bbox 93 1878 99 1893; x_wconf 80' lang='grc'><strong>“</strong></span> <span class='ocrx_word' id='word_1_77' title='bbox 182 1876 251 1951; x_wconf 87' lang='lat' dir='ltr'><em>tas,</em></span> <span class='ocrx_word' id='word_1_78' title='bbox 278 1875 430 1965; x_wconf 83' lang='lat' dir='ltr'><em>quanta</em></span> <span class='ocrx_word' id='word_1_79' title='bbox 447 1861 490 1937; x_wconf 94' lang='lat' dir='ltr'><em>in</em></span> <span class='ocrx_word' id='word_1_80' title='bbox 507 1863 656 1940; x_wconf 88' lang='lat' dir='ltr'><em>Naevio</em></span> <span class='ocrx_word' id='word_1_81' title='bbox 683 1861 855 1950; x_wconf 89' lang='lat' dir='ltr'><em>audacia,</em></span> <span class='ocrx_word' id='word_1_82' title='bbox 882 1837 1094 1965; x_wconf 80' lang='lat' dir='ltr'><em>quantain</em></span> <span class='ocrx_word' id='word_1_83' title='bbox 1112 1869 1184 1940; x_wconf 90' lang='lat' dir='ltr'><em>Pa·</em></span> <span class='ocrx_word' id='word_1_84' title='bbox 1273 1915 1275 1918; x_wconf 54' lang='lat'>&gt;</span> 
     </span>
     <span class='ocr_line' id='line_1_14' title="bbox 186 1994 1185 2101; baseline 0.002 -30"><span class='ocrx_word' id='word_1_85' title='bbox 186 1995 301 2071; x_wconf 91' lang='lat' dir='ltr'><em>cuvio</em></span> <span class='ocrx_word' id='word_1_86' title='bbox 328 1995 492 2101; x_wconf 84' lang='lat' dir='ltr'><em>gravitas</em></span> <span class='ocrx_word' id='word_1_87' title='bbox 517 1994 780 2095; x_wconf 86' lang='lat' dir='ltr'><em>dignitasque,</em></span> <span class='ocrx_word' id='word_1_88' title='bbox 814 2010 959 2097; x_wconf 91' lang='lat' dir='ltr'><em>quanta</em></span> <span class='ocrx_word' id='word_1_89' title='bbox 983 1995 1026 2070; x_wconf 93' lang='lat' dir='ltr'><em>in</em></span> <span class='ocrx_word' id='word_1_90' title='bbox 1052 1997 1185 2073; x_wconf 87' lang='lat' dir='ltr'><em>omni·</em></span> 
     </span>
    </p>
   </div>
   <div class='ocr_carea' id='block_1_5' title="bbox 63 2126 1182 2235">
    <p class='ocr_par' dir='ltr' id='par_1_5' title="bbox 63 2126 1182 2235">
     <span class='ocr_line' id='line_1_15' title="bbox 63 2126 1182 2235; baseline 0.001 -32"><span class='ocrx_word' id='word_1_91' title='bbox 63 2160 65 2165; x_wconf 54' lang='lat'><strong><em>¹</em></strong></span> <span class='ocrx_word' id='word_1_92' title='bbox 184 2128 262 2203; x_wconf 91' lang='lat' dir='ltr'><em>hus</em></span> <span class='ocrx_word' id='word_1_93' title='bbox 286 2126 392 2203; x_wconf 91' lang='lat' dir='ltr'><em>illius</em></span> <span class='ocrx_word' id='word_1_94' title='bbox 418 2126 550 2202; x_wconf 89' lang='lat' dir='ltr'><em>aetatis</em></span> <span class='ocrx_word' id='word_1_95' title='bbox 575 2126 703 2235; x_wconf 67' lang='lat' dir='ltr'><em>poetis</em></span> <span class='ocrx_word' id='word_1_96' title='bbox 727 2126 848 2201; x_wconf 94' lang='lat' dir='ltr'><em>animi</em></span> <span class='ocrx_word' id='word_1_97' title='bbox 881 2140 920 2202; x_wconf 89' lang='lat' dir='ltr'><em>et</em></span> <span class='ocrx_word' id='word_1_98' title='bbox 945 2127 1094 2226; x_wconf 89' lang='lat' dir='ltr'><em>ingenii</em></span> <span class='ocrx_word' id='word_1_99' title='bbox 1124 2129 1182 2204; x_wconf 84' lang='lat' dir='ltr'><em>vis</em></span> 
     </span>
    </p>
   </div>
   <div class='ocr_carea' id='block_1_6' title="bbox 150 2258 1236 3298">
    <p class='ocr_par' dir='ltr' id='par_1_6' title="bbox 150 2258 1236 2742">
     <span class='ocr_line' id='line_1_16' title="bbox 186 2258 1181 2361; baseline 0.003 -26"><span class='ocrx_word' id='word_1_100' title='bbox 186 2259 326 2336; x_wconf 84' lang='lat' dir='ltr'><em>elucet!</em></span> <span class='ocrx_word' id='word_1_101' title='bbox 382 2259 533 2356; x_wconf 87' lang='lat' dir='ltr'><em>Lingua</em></span> <span class='ocrx_word' id='word_1_102' title='bbox 566 2258 683 2335; x_wconf 91' lang='lat' dir='ltr'><em>etiam</em></span> <span class='ocrx_word' id='word_1_103' title='bbox 718 2259 859 2361; x_wconf 89' lang='lat' dir='ltr'><em>prisca,</em></span> <span class='ocrx_word' id='word_1_104' title='bbox 897 2259 988 2336; x_wconf 89' lang='lat' dir='ltr'><em>licet</em></span> <span class='ocrx_word' id='word_1_105' title='bbox 1018 2261 1181 2343; x_wconf 89' lang='lat' dir='ltr'><em>horrida</em></span> 
     </span>
     <span class='ocr_line' id='line_1_17' title="bbox 183 2389 1236 2504; baseline 0.001 -35"><span class='ocrx_word' id='word_1_106' title='bbox 183 2393 387 2469; x_wconf 90' lang='lat' dir='ltr'><em>interdum</em></span> <span class='ocrx_word' id='word_1_107' title='bbox 406 2406 522 2495; x_wconf 90' lang='lat' dir='ltr'><em>atque</em></span> <span class='ocrx_word' id='word_1_108' title='bbox 542 2389 650 2479; x_wconf 89' lang='lat' dir='ltr'><em>dura,</em></span> <span class='ocrx_word' id='word_1_109' title='bbox 675 2394 859 2495; x_wconf 84' lang='lat' dir='ltr'><em>gravitate</em></span> <span class='ocrx_word' id='word_1_110' title='bbox 883 2392 1004 2491; x_wconf 87' lang='lat' dir='ltr'><em>longe</em></span> <span class='ocrx_word' id='word_1_111' title='bbox 1025 2409 1184 2504; x_wconf 89' lang='lat' dir='ltr'><em>superat</em></span> <span class='ocrx_word' id='word_1_112' title='bbox 1226 2399 1236 2413; x_wconf 86' lang='grc'><strong>”</strong></span> 
     </span>
     <span class='ocr_line' id='line_1_18' title="bbox 184 2524 1184 2633; baseline 0.002 -32"><span class='ocrx_word' id='word_1_113' title='bbox 184 2526 465 2614; x_wconf 87' lang='lat' dir='ltr'><em>recentiorem,</em></span> <span class='ocrx_word' id='word_1_114' title='bbox 496 2524 677 2627; x_wconf 90' lang='lat' dir='ltr'><em>quamvis</em></span> <span class='ocrx_word' id='word_1_115' title='bbox 708 2525 988 2625; x_wconf 87' lang='lat' dir='ltr'><em>elegantiorem</em></span> <span class='ocrx_word' id='word_1_116' title='bbox 1021 2541 1059 2603; x_wconf 92' lang='lat' dir='ltr'><em>et</em></span> <span class='ocrx_word' id='word_1_117' title='bbox 1081 2526 1184 2633; x_wconf 84' lang='lat' dir='ltr'><em>poli-</em></span> 
     </span>
     <span class='ocr_line' id='line_1_19' title="bbox 150 2657 1175 2742; baseline 0.01 -10"><span class='ocrx_word' id='word_1_118' title='bbox 150 2703 152 2706; x_wconf 56' lang='lat'>&gt;</span> <span class='ocrx_word' id='word_1_119' title='bbox 183 2657 337 2737; x_wconf 87' lang='lat' dir='ltr'><em>tiorem.</em></span> <span class='ocrx_word' id='word_1_120' title='bbox 1171 2734 1175 2742; x_wconf 85' lang='grc'>.</span> 
     </span>
    </p>

    <p class='ocr_par' dir='ltr' id='par_1_7' title="bbox 184 2788 1186 3298">
     <span class='ocr_line' id='line_1_20' title="bbox 256 2788 1186 2898; baseline 0.002 -31"><span class='ocrx_word' id='word_1_121' title='bbox 256 2794 438 2867; x_wconf 86' lang='lat' dir='ltr'><em>Attamen</em></span> <span class='ocrx_word' id='word_1_122' title='bbox 454 2789 529 2871; x_wconf 91' lang='lat' dir='ltr'><em>hae</em></span> <span class='ocrx_word' id='word_1_123' title='bbox 544 2788 657 2868; x_wconf 91' lang='lat' dir='ltr'><em>dotes</em></span> <span class='ocrx_word' id='word_1_124' title='bbox 669 2814 754 2867; x_wconf 92' lang='lat' dir='ltr'><em>non</em></span> <span class='ocrx_word' id='word_1_125' title='bbox 768 2791 1072 2898; x_wconf 89' lang='lat' dir='ltr'><em>prohibuerunt</em></span> <span class='ocrx_word' id='word_1_126' title='bbox 1084 2815 1186 2892; x_wconf 88' lang='lat' dir='ltr'><em>quo-</em></span> 
     </span>
     <span class='ocr_line' id='line_1_21' title="bbox 184 2921 1184 3031; baseline 0 -30"><span class='ocrx_word' id='word_1_127' title='bbox 184 2922 320 3009; x_wconf 84' lang='lat' dir='ltr'><em>minus</em></span> <span class='ocrx_word' id='word_1_128' title='bbox 343 2921 560 3021; x_wconf 86' lang='lat' dir='ltr'><em>fragmenta</em></span> <span class='ocrx_word' id='word_1_129' title='bbox 581 2929 791 3031; x_wconf 70' lang='lat' dir='ltr'><em>poetarum</em></span> <span class='ocrx_word' id='word_1_130' title='bbox 815 2923 978 3004; x_wconf 89' lang='lat' dir='ltr'><em>illorum</em></span> <span class='ocrx_word' id='word_1_131' title='bbox 1002 2947 1075 3024; x_wconf 91' lang='lat' dir='ltr'><em>per</em></span> <span class='ocrx_word' id='word_1_132' title='bbox 1099 2923 1184 3001; x_wconf 93' lang='lat' dir='ltr'><em>duo</em></span> 
     </span>
     <span class='ocr_line' id='line_1_22' title="bbox 187 3054 1186 3165; baseline -0.001 -29"><span class='ocrx_word' id='word_1_133' title='bbox 187 3054 269 3136; x_wconf 89' lang='lat' dir='ltr'><em>fere</em></span> <span class='ocrx_word' id='word_1_134' title='bbox 293 3056 446 3135; x_wconf 89' lang='lat' dir='ltr'><em>saecula</em></span> <span class='ocrx_word' id='word_1_135' title='bbox 471 3057 588 3165; x_wconf 86' lang='lat' dir='ltr'><em>plane</em></span> <span class='ocrx_word' id='word_1_136' title='bbox 612 3058 755 3133; x_wconf 89' lang='lat' dir='ltr'><em>intacta</em></span> <span class='ocrx_word' id='word_1_137' title='bbox 780 3082 801 3133; x_wconf 93' lang='lat' dir='ltr'><em>a</em></span> <span class='ocrx_word' id='word_1_138' title='bbox 826 3058 918 3132; x_wconf 85' lang='lat' dir='ltr'><em>viris</em></span> <span class='ocrx_word' id='word_1_139' title='bbox 938 3056 1065 3134; x_wconf 88' lang='lat' dir='ltr'><em>doctis</em></span> <span class='ocrx_word' id='word_1_140' title='bbox 1085 3057 1186 3135; x_wconf 88' lang='lat' dir='ltr'><em>iace-</em></span> 
     </span>
     <span class='ocr_line' id='line_1_23' title="bbox 184 3194 1186 3298; baseline 0.003 -35"><span class='ocrx_word' id='word_1_141' title='bbox 184 3203 282 3267; x_wconf 83' lang='lat' dir='ltr'><em>rent</em></span> <span class='ocrx_word' id='word_1_142' title='bbox 318 3194 421 3267; x_wconf 88' lang='lat' dir='ltr'><em>Nam</em></span> <span class='ocrx_word' id='word_1_143' title='bbox 440 3216 523 3298; x_wconf 88' lang='lat' dir='ltr'><em>quo</em></span> <span class='ocrx_word' id='word_1_144' title='bbox 540 3204 721 3298; x_wconf 85' lang='lat' dir='ltr'><em>tempore</em></span> <span class='ocrx_word' id='word_1_145' title='bbox 738 3195 938 3267; x_wconf 86' lang='lat' dir='ltr'><em>Mercerus</em></span> <span class='ocrx_word' id='word_1_146' title='bbox 954 3214 1102 3271; x_wconf 89' lang='lat' dir='ltr'><em>novam</em></span> <span class='ocrx_word' id='word_1_147' title='bbox 1119 3215 1186 3268; x_wconf 70' lang='lat' dir='ltr'><em>cu-</em></span> 
     </span>
    </p>
   </div>
   <div class='ocr_carea' id='block_1_7' title="bbox 191 3383 392 3400">
    <p class='ocr_par' dir='ltr' id='par_1_8' title="bbox 191 3383 392 3400">
     <span class='ocr_line' id='line_1_24' title="bbox 191 3383 392 3400; baseline 0.005 -3"><span class='ocrx_word' id='word_1_148' title='bbox 191 3383 392 3400; x_wconf 52' lang='lat' dir='ltr'><em>m</em></span> 
     </span>
    </p>
   </div>
   <div class='ocr_carea' id='block_1_8' title="bbox 73 3422 1189 3643">
    <p class='ocr_par' dir='ltr' id='par_1_9' title="bbox 73 3422 1189 3643">
     <span class='ocr_line' id='line_1_25' title="bbox 261 3422 1189 3555; baseline -0.02 -8"><span class='ocrx_word' id='word_1_149' title='bbox 261 3471 301 3546; x_wconf 63' lang='lat' dir='ltr'><em>a)</em></span> <span class='ocrx_word' id='word_1_150' title='bbox 342 3471 379 3530; x_wconf 77' lang='grc' dir='ltr'><em>Α·</em></span> <span class='ocrx_word' id='word_1_151' title='bbox 400 3473 438 3531; x_wconf 82' lang='lat' dir='ltr'><em>G·</em></span> <span class='ocrx_word' id='word_1_152' title='bbox 459 3472 571 3555; x_wconf 84' lang='lat' dir='ltr'><em>Lange,</em></span> <span class='ocrx_word' id='word_1_153' title='bbox 593 3471 732 3535; x_wconf 84' lang='lat' dir='ltr'><em>vindiciae</em></span> <span class='ocrx_word' id='word_1_154' title='bbox 753 3422 918 3554; x_wconf 80' lang='lat' dir='ltr'><em>tragoediae</em></span> <span class='ocrx_word' id='word_1_155' title='bbox 937 3468 1093 3533; x_wconf 84' lang='lat' dir='ltr'><em>Romanae.</em></span> <span class='ocrx_word' id='word_1_156' title='bbox 1117 3469 1189 3553; x_wconf 86' lang='lat' dir='ltr'><em>Lip-</em></span> 
     </span>
     <span class='ocr_line' id='line_1_26' title="bbox 73 3565 399 3643; baseline -0.028 -8"><span class='ocrx_word' id='word_1_157' title='bbox 73 3565 75 3568; x_wconf 10' lang='grc' dir='ltr'><em>Α</em></span> <span class='ocrx_word' id='word_1_158' title='bbox 185 3565 241 3631; x_wconf 71' lang='lat' dir='ltr'><em>tiae</em></span> <span class='ocrx_word' id='word_1_159' title='bbox 263 3567 351 3643; x_wconf 77' lang='lat'><em>1823,</em></span> <span class='ocrx_word' id='word_1_160' title='bbox 370 3570 399 3626; x_wconf 87' lang='grc'><em>4.</em></span> 
     </span>
    </p>
   </div>
   <div class='ocr_carea' id='block_1_9' title="bbox 184 3670 1188 3959">
    <p class='ocr_par' dir='ltr' id='par_1_10' title="bbox 184 3670 1188 3959">
     <span class='ocr_line' id='line_1_27' title="bbox 264 3670 1188 3765; baseline 0 -25"><span class='ocrx_word' id='word_1_161' title='bbox 264 3670 298 3758; x_wconf 70' lang='lat' dir='ltr'><em>i)</em></span> <span class='ocrx_word' id='word_1_162' title='bbox 337 3681 475 3758; x_wconf 72' lang='lat' dir='ltr'><em>Nectite,</em></span> <span class='ocrx_word' id='word_1_163' title='bbox 501 3683 529 3740; x_wconf 88' lang='lat' dir='ltr'><em>in</em></span> <span class='ocrx_word' id='word_1_164' title='bbox 557 3679 798 3765; x_wconf 86' lang='lat' dir='ltr'><em>commentatione</em></span> <span class='ocrx_word' id='word_1_165' title='bbox 826 3679 861 3740; x_wconf 89' lang='lat' dir='ltr'><em>de</em></span> <span class='ocrx_word' id='word_1_166' title='bbox 885 3678 1001 3742; x_wconf 87' lang='lat' dir='ltr'><em>Pacuvii</em></span> <span class='ocrx_word' id='word_1_167' title='bbox 1020 3679 1188 3752; x_wconf 80' lang='lat' dir='ltr'><em>Duloreste,</em></span> 
     </span>
     <span class='ocr_line' id='line_1_28' title="bbox 184 3764 1188 3861; baseline -0.004 -22"><span class='ocrx_word' id='word_1_168' title='bbox 184 3797 268 3855; x_wconf 85' lang='lat' dir='ltr'><em>quam</em></span> <span class='ocrx_word' id='word_1_169' title='bbox 298 3764 454 3840; x_wconf 78' lang='lat' dir='ltr'><em>lectionum</em></span> <span class='ocrx_word' id='word_1_170' title='bbox 479 3776 677 3841; x_wconf 64' lang='lat' dir='ltr'><em>{tennensium</em></span> <span class='ocrx_word' id='word_1_171' title='bbox 707 3774 839 3861; x_wconf 81' lang='lat' dir='ltr'><em>catalogo</em></span> <span class='ocrx_word' id='word_1_172' title='bbox 871 3773 971 3840; x_wconf 87' lang='lat' dir='ltr'><em>hiemis</em></span> <span class='ocrx_word' id='word_1_173' title='bbox 999 3775 1188 3842; x_wconf 66' lang='lat' dir='ltr'><em>leta-‚tt</em></span> 
     </span>
     <span class='ocr_line' id='line_1_29' title="bbox 184 3871 429 3959; baseline 0.016 -30"><span class='ocrx_word' id='word_1_174' title='bbox 184 3871 338 3959; x_wconf 78' lang='lat' dir='ltr'><em>praemisit.</em></span> <span class='ocrx_word' id='word_1_175' title='bbox 353 3875 386 3932; x_wconf 77' lang='grc'><em>4.</em></span> <span class='ocrx_word' id='word_1_176' title='bbox 412 3926 429 3959; x_wconf 35' lang='lat' dir='ltr'>k</span> 
     </span>
    </p>
   </div>
   <div class='ocr_carea' id='block_1_10' title="bbox 0 0 1296 4432">
    <p class='ocr_par' dir='ltr' id='par_1_11' title="bbox 0 0 1296 4432">
     <span class='ocr_line' id='line_1_30' title="bbox 0 0 1296 4432; baseline 0 0"><span class='ocrx_word' id='word_1_177' title='bbox 0 0 1296 4432; x_wconf 95' lang='lat' dir='ltr'><em> </em></span> 
     </span>
    </p>
   </div>
  </div>
 </body>
</html>
