2566 4432
193 456 402 543 traditum3
432 477 564 557 neque
596 454 676 532 hoc
705 449 890 542 refertur,
916 450 967 530 ad
992 450 1106 555 quod
1132 454 1203 530 us-

196 597 277 677 que
300 571 401 647 vitae
425 583 583 670 tempus
607 568 650 643 in
675 567 799 669 patria
825 569 926 643 urbe
950 568 1103 655 vixerit,
1130 593 1202 644 an-

194 703 357 790 tequam
388 687 563 761 Romam
595 707 637 759 se
669 672 875 759 conferret
933 685 1086 760 Romae
1110 706 1202 760 non
1219 728 1233 775 ρ

194 816 351 880 tantum
375 798 527 901 poesin,
553 795 620 872 sed
649 797 768 872 etiam
792 798 997 898 picturam,
1028 822 1202 898 eamque

195 941 281 993 non
307 914 392 990 sine
416 910 552 998 laude,
579 912 750 987 exercuit
771 911 824 1007 ⁴).
875 911 1006 987 Laelio
1032 911 1201 987 familia-

195 1031 291 1108 riter
322 1052 420 1104 usus
454 1041 512 1102 est
532 1027 590 1122 ⁵),
621 1051 753 1127 neque
786 1025 928 1102 dubito
955 1025 1201 1126 quinetiam

199 1142 265 1220 alii
291 1141 364 1218 viri
388 1140 558 1218 illustres
583 1141 689 1221 illius
714 1140 907 1240 temporis
934 1164 1027 1214 cum
1047 1164 1094 1215 eo
1114 1160 1201 1216 ver-

198 1257 269 1333 sati
309 1256 396 1331 sint.
464 1261 602 1356 Itaque
636 1254 887 1347 consuetudo
922 1255 1102 1330 virorum
1137 1280 1201 1331 ex-

198 1368 437 1454 cellentium,
464 1393 566 1470 quos
592 1369 788 1468 plurimos
813 1383 1084 1467 procreaverat
1100 1370 1201 1445 urbs

199 1480 250 1560 ad
276 1481 417 1558 orbem
441 1495 637 1557 terrarum
662 1479 931 1580 subigendum
955 1482 1105 1559 infante
1127 1471 1202 1560 Pa·

198 1594 315 1673 cuvio
346 1593 509 1670 iamiam
541 1620 625 1672 sese
657 1597 877 1694 accingam,
918 1620 961 1670 ae
991 1622 1064 1697 per
1094 1596 1201 1698 ipsas

199 1707 435 1786 calamitates
469 1710 582 1784 novis
614 1709 763 1785 virib'us
797 1723 924 1797 aucta,
952 1710 1100 1794 horum
1125 1711 1202 1807 igi·

196 1837 265 1900 tur
287 1823 468 1899 virorum
495 1823 744 1900 consuetudo
771 1823 943 1900 nativam
963 1822 1109 1937 ingepii
1123 1808 1198 1899 Pa‘-

199 1937 355 2015 cuviani
381 1937 640 2013 excelsitatem
665 1962 749 2013 non
775 1939 906 2039 potuit
931 1964 1015 2015 non
1043 1930 1209 2038 tietgere..

200 2048 347 2146 Quales
372 2049 468 2124 inde
492 2050 644 2126 fruetus
670 2053 831 2152 ceperit,
859 2053 1009 2128 etiamsi
1035 2077 1087 2141 ne
1114 2076 1203 2128 ver-

198 2165 300 2240 bum
332 2161 497 2262 quidem
529 2163 579 2239 de
610 2167 810 2262 gravitate,
843 2192 921 2266 qua
946 2166 1085 2269 pollet,
1111 2191 1204 2243 sen·

117 2308 120 2315 ·
198 2275 429 2365 tentiarum,
463 2277 515 2352 de
545 2278 760 2355 verborum
792 2279 990 2380 pondere,
1030 2281 1201 2357 auctori·

199 2402 278 2468 tate
306 2414 587 2491 personarum,
619 2392 670 2468 de
702 2393 740 2467 vi
766 2418 810 2468 ac
835 2396 1009 2482 veritate,
1036 2419 1115 2496 qua
1140 2419 1204 2472 re-

198 2531 293 2582 rum
326 2504 604 2581 altissimarum
636 2506 899 2608 descriptione
925 2509 1105 2586 animum
1132 2535 1204 2586 au-

201 2619 380 2697 ditorum
415 2621 649 2709 commovit,
683 2622 893 2721 scriptores
932 2624 1049 2700 nobis
1078 2624 1204 2700 tradi-

200 2824 402 2841 w

142 3019 145 3025 .
199 2945 314 3006 Deinde
343 2945 507 3005 Tarentum
539 2957 729 3029 transgressus
758 2967 851 3029 prope
884 2929 1092 3031 nonagenarius
1122 2943 1203 3025 (liem

200 3040 303 3104 obiit.“
1122 3056 1124 3060 ’

175 3207 177 3211 ,
205 3144 208 3149 ’
278 3126 418 3197 Ceterum
437 3136 575 3197 Pacuvius
595 3157 655 3197 non
674 3137 772 3218 potuit
789 3136 877 3199 Ennii
890 3160 980 3220 nepos
998 3154 1057 3199 esse
1076 3157 1111 3197 ex
1129 3136 1200 3210 filia;

201 3232 308 3295 etenim
340 3232 364 3292 is
390 3252 451 3291 non
475 3231 595 3313 amplius
622 3233 818 3294 novemdecim
843 3235 922 3295 annis
947 3235 1087 3295 Nostrum
1107 3223 1202 3294 aetate

201 3327 368 3403 antecessit,
389 3339 475 3388 natus
496 3326 535 3401 Q.
556 3328 690 3405 Valerio,
711 3329 746 3391 C.
766 3329 996 3392 Mamilio'Coss.
1015 3329 1053 3389 A.
1073 3330 1111 3390 U.
1129 3330 1201 3389 515.

201 3420 240 3485 Α.
261 3422 331 3484 chr.
351 3425 418 3484 239.
439 3419 476 3483 el.
497 3421 575 3484 Gell.
595 3425 708 3501 xvu,
728 3427 777 3487 21.
1230 3416 1234 3423 ⁵

279 3516 409 3599 Scaliger
428 3517 512 3578 etiam
525 3519 717 3600 praetermisit
729 3521 832 3583 verba:
857 3522 952 3583 Ennii
959 3521 1085 3600 afilia
1102 3542 1200 3596 nepos.

201 3610 283 3672 Libri
294 3611 461 3674 Parmenses
480 3635 544 3674 mss.
565 3616 622 3676 duo
636 3615 685 3678 ille
697 3629 809 3678 tantum
823 3617 924 3701 legunt
934 3615 1035 3679 verba:
1055 3639 1094 3676 ex
1103 3617 1190 3696 filia.
1223 3699 1229 3709 ,

278 3759 319 3839 t)
359 3759 434 3822 Plin.
453 3759 483 3822 h.
503 3782 533 3820 n.
554 3771 584 3821 et
603 3761 773 3845 Hieronym.
794 3763 823 3824 ll.
844 3764 874 3825 ll.

279 3906 320 3986 ὅ)
360 3906 421 3970 Cic.
446 3907 482 3969 de
504 3904 599 3969 Amic.
625 3909 644 3969 7
667 3907 720 3968 sub
740 3879 863 3990 persona
881 3910 984 3974 Laelii:
1003 3908 1150 3993 „hospitis
1168 3864 1200 3973 el

201 4003 283 4067 unici
301 4001 358 4066 mei
376 4004 418 4064 Μ.
437 4002 554 4067 Pacuvii
572 4022 648 4066 nova
667 4001 791 4093 fabulaf‘
