2566 4432
613 247 663 321 59

137 417 243 492 Nam
267 429 301 492 te
323 419 367 494 in
390 416 572 494 tenebrica
596 424 680 519 δέρε
703 416 877 494 lacerabo'
891 421 1008 521 some

97 566 108 579 ·
141 529 342 619 Clausum,
364 539 401 608 tt
412 534 593 635 fatigans
619 537 725 609 ἀνίας
750 548 848 609 torto
866 535 1079 611 distraham
1097 575 1146 589 -

135 748 263 836 'Illum
288 696 445 865 guntero,
472 764 542 866 qui
562 764 761 838 ddiutatur
784 644 1048 861 51¹8?ng

135 862 261 951 rUnde
283 877 465 962 exoritur,
501 882 579 980 qud
599 877 790 979 pracsidio
809 877 958 1064 βῖίωρ,
990 879 1146 954 auxiliis
1235 989 1240 997 ι

142 1101 231 1202 Qud
259 1103 417 1180 consilii)
450 1105 713 1206 cdnfirmatur,
749 1016 928 1209 qdqdwviis
936 1052 1049 1181 ’cuius
1083 1111 1145 1181 cd-

785 1219 886 1320 pasr
908 1217 980 1316 (fr.
1005 1218 1097 1310 aa).
1187 1282 1190 1287 ,

138 1424 176 1488 et
202 1412 388 1490 omnium
414 1413 586 1490 maxime
610 1414 727 1491 haec:

137 1605 196 1709 a)
220 1600 269 1684 'Is
295 1611 381 1714 quis
406 1616 486 1686 est?
514 1556 587 1713 ·b)
617 1609 700 1710 Qui
712 1617 756 1696 tt,
783 1613 861 1688 nisi
881 1613 991 1686 illum
1015 1626 1057 1686 tu
1083 1616 1144 1684 dc-

546 1752 679 1825 cupm,
705 1726 777 1801 teto
803 1722 928 1811 dabit,
955 1722 1025 1822 (fr.
1051 1725 1146 1821 28).

137 1967 242 2045 quae
272 1942 484 2019 manifesto
520 1943 726 2033 dicuntur,
760 1968 854 2019 cum
884 1942 1070 2019 alteruter
1103 1969 1148 2020 ex

138 2057 274 2133 amicis
301 2073 474 2134 armatus
501 2059 728 2134 Thoantem
755 2057 1012 2157 aggrediatur.

235 2176 374 2273 Itaque
393 2197 487 2247 cum
504 2172 621 2250 filum
639 2173 741 2250 illud
759 2171 1014 2262 Ariadneum,
1033 2172 1148 2276 quod
1210 2197 1214 2206 ·

137 2288 181 2362 in
220 2285 424 2388 prioribus
466 2290 681 2388 praebebat
709 2287 912 2390 Euripidis
942 2289 1147 2388 Iphigenia

138 2401 317 2489 Taurica,
343 2426 439 2476 mox
464 2418 683 2505 rumpatur,
709 2402 808 2477 nibil
827 2416 958 2503 potest
976 2403 1147 2502 amplius

136 2517 350 2618 ‚exspectari
375 2530 530 2617 praeter
554 2518 673 2593 talem
698 2516 1016 2615 fragmentorum
1036 2541 1147 2592 com-

137 2632 397 2734 positionem,
432 2655 535 2730 quae
570 2632 644 2707 sibi
677 2635 761 2734 ipsa
795 2656 879 2707 non
912 2645 1076 2731 pugnet,
1110 2645 1148 2706 et

138 2772 261 2849 quam
293 2745 634 2845 simplicissimum
665 2745 824 2821 fabulae
855 2769 1003 2821 nexum
1035 2770 1148 2846 prae-

138 2875 221 2938 stet.
273 2866 385 2957 Quae
409 2860 530 2958 igitur
553 2859 707 2960 reliqua
732 2873 840 2948 sunt,
879 2859 932 2936 ita
956 2874 1148 2962 poterunt

138 2974 379 3052 concinnari.

235 3091 345 3165 Dum
369 3089 476 3165 inter
498 3114 540 3165 se
566 3088 792 3166 consultant
813 3090 863 3167 de
881 3088 1075 3190 rapiendo
1096 3089 1148 3164 si·

137 3203 318 3281 mulacro
346 3205 506 3281 Orestes
540 3218 577 3280 et
605 3204 826 3305 Iphigenia,
860 3202 974 3278 facile
1004 3203 1147 3279 intelli-

138 3333 254 3418 gunt,
277 3344 365 3395 rem
391 3319 565 3395 nimium
591 3333 789 3421 quantum
813 3316 1020 3394 difficilem
1048 3344 1147 3407 esse;

136 3430 368 3534 persuaderi
405 3459 493 3510 rem
526 3434 700 3510 Thoanti
738 3457 824 3508 non
861 3456 994 3534 posse,
1032 3435 1147 3512 cuius

136 3546 346 3645 ingenium
372 3561 482 3624 atrox
508 3563 546 3624 et
575 3545 753 3624 ferocem
785 3547 968 3623 habitum
999 3547 1053 3624 ita
1081 3547 1147 3625 de-

138 3661 275 3737 scribit
298 3662 520 3761 Iphigenia:

137 3853 324 3960 ‘Amplun
339 3856 550 3936 rubictmdd
563 3861 696 3946 colore,
709 3868 836 3962 spdctu
842 3866 1012 3960 protervo
1013 3863 1145 3960 ferox,

141 3972 236 4050 Voce
259 3978 468 4076 suppressd,
494 3991 668 4076 caperato
681 3978 828 4078 srdnte,
846 3976 960 4081 ‚totto
984 3975 1143 4075 tdrpriio.
