2566 4432
664 221 714 293 26

191 393 277 482 fuit,
301 389 454 468 nullam
471 389 588 493 plane
614 416 774 469 causam
791 392 960 494 reperio,
977 391 1087 470 unde
1105 393 1198 472 Du-

186 512 361 584 -lorertem
385 505 535 582 librarii
560 505 777 583 commenti
804 506 892 584 sint
942 511 1082 610 Neque
1105 532 1199 587 sena

191 646 283 697 sum
300 618 567 706 commodum
584 620 747 722 praebet
760 621 995 708 Dolorestcs3
1010 622 1086 697 nisi
1104 622 1197 724 quis

190 735 295 812 forte
313 733 615 812 fraudulentum
629 736 812 812 Orestem
832 749 1027 834 agnoscat,
1044 734 1197 837 quippe

192 849 262 952 qui
302 852 410 924 Deae
446 846 705 926 simulacrum
746 872 841 926 cum
875 848 1021 948 Pylade
1053 847 1195 926 furtim

192 961 405 1057 abstulerit
525 1033 527 1037 .

287 1069 397 1153 Nihil
428 1074 551 1173 igitur
580 1090 716 1166 restat,
757 1077 833 1153 nisi
871 1091 917 1154 ut
952 1078 1197 1154 Dulorestem

190 1216 330 1268 verum
369 1189 526 1268 fabulae
564 1216 716 1268 nomen
756 1184 879 1268 fuisse
916 1191 1196 1279 concedamus,

190 1323 296 1385 recte
326 1304 427 1382 illud
459 1302 679 1382 formatum
711 1304 762 1378 ad
788 1304 1011 1401 analogiam
1035 1304 1196 1400 linguae

192 1425 381 1503 Graecae,
416 1439 633 1515 veramque
672 1440 755 1491 esse
798 1415 1099 1515 explicationem
1142 1415 1196 1492 de

191 1535 335 1611 Oreste
359 1551 488 1616 servo,
520 1527 601 1604 sive
627 1530 768 1606 Oreste
792 1527 922 1604 servili
953 1528 1199 1620 conditione,

111 1638 116 1649 ’
189 1646 334 1749 probat
358 1656 639 1743 argumentum
660 1641 828 1733 fabulae,
855 1656 1050 1745 quatenus
1074 1666 1096 1717 e
1118 1641 1200 1719 fra·

190 1760 361 1861 gmentis
384 1757 624 1856 intelligitur.
667 1762 718 1835 At
732 1758 812 1834 hoc
827 1756 930 1833 infra
947 1756 1182 1833 videbimus.

268 1877 387 1953 Nunc
429 1874 599 1950 verbum
642 1886 798 1950 tantum
839 1872 892 1948 de
923 1871 1117 1948 Bothiana
1135 1870 1197 1968 58)

190 1990 368 2068 nominis
401 1985 678 2087 explicatione,
710 1986 812 2061 mira
846 1985 952 2075 satis,
979 1984 1125 2061 addere
1151 1985 1198 2060 li-

191 2119 287 2181 ceat.
328 2101 404 2178 Hie
429 2098 538 2174 enim
562 2099 622 2174 vir
648 2098 800 2187 doctus,
827 2123 921 2175 cum
944 2098 1078 2174 fabula
1097 2094 1197 2176 Ore-

191 2216 260 2292 stis
281 2239 345 2291 res
364 2227 489 2311 gestas
513 2213 555 2288 in
581 2226 684 2288 terra
708 2212 916 2313 peregrina
945 2213 1108 2289 extorris
1134 2237 1198 2288 ex-

191 2329 370 2406 hibuisse
386 2326 576 2415 videatur,
595 2324 807 2427 Euripides
825 2347 919 2431 vero
940 2326 1082 2401 exsulis
1101 2351 1197 2402 con-

192 2442 389 2520 ditionem
410 2466 516 2537 *cum
549 2453 652 2515 statu
682 2438 811 2516 servili
841 2443 1100 2539 compararit,
1135 2467 1197 2516 ex-

26 2648 32 2657 ,
192 2556 323 2643 sulem
341 2558 524 2631 Orestem
549 2553 732 2629 servilem
750 2555 933 2631 Orestem
955 2554 1196 2655 appellatum

74 2679 77 2690 ‘
194 2693 278 2746 esse
302 2666 480 2744 coniecit
531 2671 636 2744 Cum
660 2692 756 2745 vero
775 2692 910 2743 servus
929 2681 967 2743 et
984 2668 1091 2744 exsul
1109 2682 1195 2746 toto

186 2781 276 2887 ⁴fere
310 2779 423 2856 coelo
459 2779 621 2872 distent,
655 2783 717 2859 vix
750 2781 924 2858 dubitari
956 2781 1064 2870 licet,
1097 2785 1197 2882 quin

191 2896 285 2972 ioco
317 2906 488 2986 tantum,
519 2909 566 2972 ut
598 2895 750 3000 aliquid
776 2911 879 2974 certe
903 2897 1116 2998 protulisse
1140 2899 1196 2973 vi-

195 3116 396 3135 μ

272 3260 332 3338 58)
372 3257 495 3330 Bothius
524 3256 577 3317 hac
608 3256 643 3318 dc
673 3278 706 3318 re
736 3257 866 3338 loquitur
891 3256 921 3316 in
946 3257 1075 3341 fragmm.
1104 3269 1197 3343 tragg.

194 3351 270 3417 Latt
290 3377 318 3436 p.
338 3354 388 3414 40.
408 3350 459 3412 inf.
479 3351 580 3414 additis
601 3373 635 3414 ex
655 3351 756 3434 Eurip.
775 3353 886 3414 Phoeu.
906 3375 959 3414 vss.
979 3356 1047 3416 404.
1067 3378 1129 3436 sqq.
1253 3444 1256 3449 ἢ

264 3518 297 3530 -
317 3512 352 3526 -
371 3517 403 3528 -
423 3515 456 3527 -·
475 3471 549 3535 ⁸102.
587 3471 619 3536 ‘et'
634 3468 757 3552 pvyot‘m
775 3471 808 3536 ‘td
823 3473 965 3557 dvrxtelra

264 3584 343 3633 Πολ.
380 3565 406 3628 'la
423 3573 471 3647 pla
489 3571 640 3648 μίγιστον,
660 3568 709 3632 oa'a
727 3568 800 3646 ἰ’χιιι
819 3567 985 3652 artigas-iar.

263 3663 338 3727 ’lm
376 3657 500 3747 ledaco
518 3659 580 3725 ro'd’
597 3660 691 3731 sinac,
709 3661 749 3744 pai
767 3670 865 3738 atqua,
885 3658 965 3729 ἷτις
982 3668 1078 3744 pecati.

264 3775 341 3823 Πολ·
378 3751 431 3824 ult
448 3765 501 3818 ¹¹3¹
519 3755 686 3840 xgam‘ma
705 3757 837 3838 ipat-iias
855 3762 937 3840 φέςιιν
956 3753 1054 3840 χςιοῖν.

230 3881 233 3885 ’
264 3848 339 3916 'lota
377 3856 427 3935 atati¹
443 3859 525 3914 nain
543 3849 663 3934 daveda,
684 3858 842 3932 σννινοφῶ
862 3858 918 3931 ταῖς
935 3848 974 3932 pta}
994 3857 1094 3929 σοφαῖς.

265 3965 290 4012 11
298 3968 343 4011 ολ.
381 3945 446 4010 ι’λΧ
465 3955 499 4014 tls
517 3941 549 4039 ad
568 3945 656 4031 nigdoe
675 3945 754 4032 nagal
773 3945 852 4025 φῦσιν
871 3947 1078 4012 lavatorio».
