2566 4432
606 270 678 354 119

327 533 494 608 XXXIX.
544 532 683 630 (Both.
707 531 847 609 Dulor.
871 533 952 630 36.)

224 711 354 785 Nonius
382 738 416 807 p.
447 723 522 788 510.
555 714 676 784 Mero:
721 714 907 798 „hru'cz'ter
932 739 992 810 pro
1022 713 1137 784 amice.

135 857 181 875 .-
199 855 247 883 .-
267 858 312 873 -
332 815 497 887 Pacuvius
530 817 724 889 Dulorestez
769 820 868 892 Nunc
891 843 933 888 ne
959 816 1051 888 illum
1077 840 1136 887 ex-

135 931 281 1012 spectes,
302 924 432 1015 quando
454 922 562 992 eruco
584 923 734 992 amiciter
754 922 920 1005 Fecisti&

105 1133 110 1152 ι
222 1074 280 1141 ne]
303 1070 336 1128 te
356 1059 435 1131 Par.
463 1061 544 1150 (sed
565 1061 650 1135 leus.
673 1065 745 1155 ne).
852 1132 856 1138 ,

224 1162 367 1235 Scriver:
411 1163 612 1250 „Fortassez
651 1166 800 1247 eccillum,
838 1165 859 1235 i.
895 1190 928 1237 e..
962 1163 1137 1233 nihilum.“

134 1267 252 1337 Bothe
279 1266 494 1352 „scribamus
518 1295 616 1341 sane:
647 1274 746 1344 Nunc
765 1269 905 1340 nehilum
927 1280 1136 1359 exspectes.“

138 1369 232 1462 Quid
256 1371 306 1440 his
330 1373 491 1443 lucremur
513 1400 580 1444 nou
600 1376 707 1445 video.
743 1373 948 1444 Coniecturis
972 1373 1135 1443 abstinue-

135 1477 196 1545 rim
218 1476 253 1544 iu
276 1475 337 1546 hac
359 1477 495 1562 lacinia,
519 1503 602 1574 quae
626 1505 692 1574 quo
715 1505 800 1548 nexu
822 1479 930 1573 posita
950 1478 1046 1547 fuerit
1067 1503 1136 1548 nou

136 1596 275 1650 constat.
326 1582 430 1650 Immo
459 1582 569 1651 locum
597 1584 705 1651 versui
733 1599 936 1651 commentus
966 1606 1053 1665 sum,
1080 1580 1136 1650 ubi

136 1684 249 1754 omnia
270 1683 347 1753 ferri
367 1684 507 1779 possint.
552 1684 588 1752 Si
617 1685 651 1753 iu
681 1701 795 1754 nostra
822 1684 934 1753 fabula
961 1681 1041 1751 illud
1067 1710 1135 1753 ccr-

134 1804 245 1857 tamen
268 1788 464 1872 amicorum,
487 1789 577 1884 quod
601 1789 772 1884 Euripides
795 1802 1037 1884 repraesentat,
1058 1814 1135 1883 pro·

135 1894 279 1988 positum
302 1909 371 1963 erat
399 1894 511 1989 (quod
542 1919 599 1962 cur
620 1918 689 1963 non
713 1893 899 1976 credamus,
929 1893 1134 1987 exposuimus

134 2023 209 2093 pag.
233 2005 275 2072 59
299 2001 406 2092 seq.),
435 1999 469 2065 in
501 2025 540 2068 eo
572 2023 703 2095 quoque
730 1998 805 2066 huic
828 1996 934 2065 versui
955 1996 1048 2064 locus
1072 2012 1134 2082 est;

137 2102 224 2172 dicat
244 2101 413 2197 Iphigenia
434 2101 569 2196 Pyladi:
599 2130 704 2187 nuuc,
734 2100 865 2198 quando
894 2100 999 2169 amico
1026 2098 1134 2169 amici·

136 2224 186 2277 ter
206 2207 326 2291 fecisti,
358 2206 411 2274 hic
436 2205 595 2301 supplicio
619 2222 650 2277 te
674 2207 816 2277 offerens
840 2204 919 2274 dum
941 2202 1079 2274 Orestes
1100 2203 1136 2275 in

137 2299 311 2382 Graeciam
338 2312 466 2396 redeat,
500 2337 542 2380 ne
572 2328 741 2407 exspectes
769 2309 860 2380 illum
888 2310 952 2379 hoc
982 2324 1135 2404 acceptu·

134 2444 224 2501 rum;
252 2415 352 2484 immo
376 2415 404 2485 si
426 2442 479 2486 me
501 2414 657 2495 audiatis,
688 2432 866 2509 utrumque·
888 2413 1014 2487 salvum
1041 2437 1135 2510 prae·
1185 2403 1189 2411 ¹

136 2520 242 2592 stabo.

289 2843 291 2847 ·
372 2814 448 2891 xu.
497 2795 905 2909 (Bounomos.)

226 2992 354 3065 Nouius
376 3018 409 3087 p.
430 3001 506 3069 307.
529 2992 650 3062 Mero:
695 2994 895 3078 „Fatiscerc
921 3008 972 3063 est
993 2989 1134 3086 aperire:

124 3092 291 3192 sotc'scere
320 3096 404 3191 (hoc
433 3098 547 3167 vocab.
573 3097 687 3167 italicis
714 3099 828 3167 litteris
851 3098 978 3189 Mero.)
1007 3120 1133 3164 rursum

139 3203 288 3272 deficere.
337 3200 458 3270 Accius
486 3201 775 3297 Epiuausimache:
811 3200 942 3271 Tamen
970 3200 1060 3270 haud
1086 3198 1134 3267 f..

138 3306 251 3392 tiscar‚
288 3304 366 3399 quin
396 3321 484 3374 tuam
512 3306 683 3403 implorem
711 3305 819 3375 fidem.
873 3305 1037 3374 Pacuvius
1063 3303 1134 3373 Du-

138 3410 273 3480 loreste:
326 3409 372 3479 Ut
391 3409 425 3477 si
442 3409 493 3479 ito
520 3424 595 3480 sunt
617 3410 799 3502 promerito
828 3421 953 3499 vestra,
980 3409 1134 3505 aequipo·

139 3539 217 3585 rore
231 3527 264 3584 ut
282 3540 408 3609 queam
437 3516 569 3595 Vereor,
590 3516 658 3585 uc'si
667 3540 842 3609 uwnpuom
849 3513 1134 3610 satiscorsocerc

130 3618 228 3715 ”quod
246 3620 341 3714 quibo
353 3617 472 3692 .boni.“

205 3757 388 3840 Fatiscere]
403 3782 519 3828 vocem
529 3782 596 3828 sec.
606 3756 681 3827 loco
689 3755 839 3827 omittunt
848 3757 932 3829 leus.
941 3755 1017 3826 Par.
1029 3761 1130 3852 (quae

140 3879 217 3960 post
237 3888 366 3933 rursum
387 3863 535 3934 inserunt
557 3863 625 3954 ecl)
646 3862 718 3931 lun.
741 3863 826 3954 (lun.
846 3862 880 3931 iu
902 3885 1018 3955 marga
1041 3859 1129 3952 „lep

140 3968 269 4061 operiri
281 3992 445 4062 prorsum,
467 3976 551 4059 aot).
581 3968 737 4039 Anuotat.
761 3967 881 4037 Mero:
904 3964 974 4051 „lta
996 3980 1044 4047 [ut
1056 3965 1129 4060 ipse
1206 4032 1210 4039 .
