2566 4432
203 442 301 546 quia
340 437 392 533 ad
419 439 578 516 Pacuvii
611 439 730 517 etiam
762 463 899 518 mores
933 451 972 516 et
989 438 1215 545 ingenium

206 554 538 656 cognoscendum
565 554 876 655 quodammodo
901 552 1010 631 facit:

302 671 440 760 „Cum
476 669 689 758 Pacuvius,
721 711 769 728 -·
803 667 943 767 grandi
975 669 1056 745 iam
1088 682 1216 768 aetate

208 799 248 863 et
277 784 425 861 morbo
460 783 641 883 corporis
673 781 831 859 diutino
858 781 1039 872 affectus,
1065 787 1215 858 Taren-

207 914 297 977 tum
323 923 369 976 ex
392 896 494 972 urbe
509 897 641 976 Roma
668 898 931 984 concessisset,
956 898 1108 986 Accius,
1124 910 1216 972 tum

206 1011 319 1090 haud
354 1033 478 1112 parvo
516 1010 673 1100 iunior,
709 1009 965 1112 proficiscens
995 1011 1039 1084 in
1070 1010 1215 1098 Asiam,

208 1151 304 1203 cum
328 1126 372 1202 in
398 1121 597 1225 oppidum
622 1127 799 1214 venisset,
825 1124 991 1200 devertit
1015 1123 1065 1199 ad
1090 1129 1215 1200 Pacu-

206 1241 338 1327 vium;
363 1239 614 1342 comiterque
638 1241 840 1326 invitatus,
864 1237 1136 1340 plusculisque
1162 1236 1213 1312 ab

208 1379 259 1430 eo
279 1353 434 1428 ,diebus
466 1362 660 1437 retentus,
696 1350 943 1446 tragoediam
977 1376 1107 1438 suam,
1146 1351 1214 1425 cui

206 1472 349 1544 Atreus
381 1485 534 1538 nomen
567 1476 639 1551 est,
671 1462 909 1555 desideranti
940 1463 1045 1562 legit.
1101 1468 1213 1538 Tum

205 1576 425 1656 Pacuvium
450 1575 593 1652 dixisse
617 1576 737 1664 aiunt,
763 1601 909 1653 sonora
936 1577 1103 1680 quidem
1127 1601 1214 1653 esse

207 1716 312 1796 quae
336 1691 552 1794 scripsisset
576 1702 615 1766 et
638 1690 817 1790 grandia3
842 1690 910 1768 sed
938 1691 1063 1789 videri
1089 1716 1133 1767 ea
1154 1705 1212 1768 ta·

205 1832 303 1886 men
333 1807 408 1883 sibi
442 1804 606 1882 duriora
635 1806 804 1907 paulum
829 1820 868 1882 et
893 1806 1103 1884 acerbiora.
1151 1810 1212 1882 Ita

206 1935 282 2010 est,
306 1921 439 2023 inquit
462 1920 619 2007 Accius,
644 1921 704 1996 uti
730 1920 845 2006 dicis;
879 1944 1011 2023 neque
1040 1920 1085 1996 id
1115 1945 1212 1996 sane

206 2060 275 2112 me
298 2034 491 2135 poenitet:
516 2032 683 2108 meliora
710 2035 818 2109 enim
842 2031 931 2111 fore
955 2060 1084 2137 spero,
1107 2057 1212 2136 quae

207 2147 394 2248 deinceps
419 2143 599 2221 scribam.
648 2149 751 2221 Nam
777 2146 890 2250 quod
915 2148 958 2222 in
984 2149 1117 2249 pomis
1142 2162 1210 2238 est,

204 2258 363 2349 itidem,
390 2257 540 2360 inquit,
574 2282 659 2335 esse
684 2261 795 2336 aiunt
817 2262 860 2336 in
884 2261 1071 2361 ingeniis,
1105 2286 1209 2365 quae

207 2374 309 2452 dura
340 2386 379 2450 et
408 2373 547 2450 acerba
577 2388 810 2462 nascuntur,
843 2391 936 2477 post
965 2374 1070 2453 fiunt
1096 2377 1209 2453 mitia

206 2501 246 2566 et
268 2486 456 2564 iucunda.
507 2486 588 2562 Sed
605 2513 708 2588 quae
728 2490 945 2586 gignuntur
959 2493 1090 2567 statim
1106 2492 1207 2582 vieta

202 2616 245 2680 et
268 2601 416 2688 mollia,
439 2613 558 2702 atque
576 2600 619 2675 in
637 2603 832 2704 principio
851 2619 945 2680 sunt
959 2605 1095 2692 uvida3
1120 2630 1206 2681 non

204 2728 360 2818 matura
375 2738 472 2790 mox
487 2712 601 2803 fiunt,
617 2715 688 2790 sed
704 2717 844 2817 putria.
876 2717 1205 2821 Relinquendum

203 2827 325 2927 igitur
347 2827 478 2903 visum
505 2843 563 2904 est
585 2828 628 2903 in
652 2829 814 2930 ingenio
841 2830 954 2933 quod
980 2832 1065 2909 dies
1085 2848 1204 2936 atque

204 2957 307 3020 aetas
331 2939 543 3019 mitificet“

602 3119 803 3138 ῃ

297 3200 369 3278 His
401 3200 452 3280 de
480 3203 638 3279 Pacuvii
663 3205 740 3281 vita
766 3221 804 3282 et
827 3206 988 3306 ingenio
1013 3209 1202 3309 praemis-

185 3314 268 3402 sis,
304 3314 435 3392 statim
468 3340 535 3392 me
566 3317 617 3392 ad
649 3320 735 3397 eius
764 3319 1004 3399 Duloresten
1038 3348 1200 3399 conver-

199 3439 299 3513 tam,
331 3427 384 3503 ita
410 3428 592 3531 quidem,
618 3445 664 3508 ut
689 3434 816 3535 prima
841 3436 1064 3536 scriptionis
1088 3452 1200 3538 parte

199 3538 412 3640 quomodo
438 3544 556 3643 poeta
581 3543 623 3619 in
649 3547 785 3624 animo
805 3547 917 3650 quasi
936 3552 1199 3627 construxerit

197 3649 392 3744 fabulam·
409 3650 638 3753 fragmentis
664 3661 806 3737 ordine
833 3661 1033 3762 dispositis
1066 3679 1197 3740 osten-

185 3765 307 3855 ·dam;
333 3766 456 3853 altera¹
468 3768 522 3846 de
538 3771 789 3870 singulorum
806 3773 1123 3872 fragmentorum
1141 3779 1195 3855 le-

195 3879 342 3971 ctione,
369 3906 490 3985 quam
514 3888 662 3988 recepi,
687 3888 883 3965 rationem
909 3891 1088 3970 reddam.

593 4031 792 4060 unu-¹·—
