2566 4432
621 275 670 349 93

148 456 273 538 potest,
295 442 402 531 omnis
426 443 512 514 enim
535 443 620 540 perit
641 446 707 531 vis;
735 462 785 517 est
806 445 1151 548 tetrameterltroebai·

149 571 227 634 cus,
250 573 346 642 quem
370 547 470 617 animi
492 566 601 618 motus
623 564 737 621 nostro
761 550 837 623 loco
859 552 974 647 poscit.

250 819 386 894 XVIII.
437 817 574 914 (Both.
598 819 717 894 Ennii
742 818 882 895 Dulor.
908 847 944 921 p.
970 820 1052 918 ld.)

235 998 365 1079 Nomius
385 1025 420 1095 p.
442 1008 497 1076 90.
518 1000 639 1070 Mero:
679 998 863 1083 „Conciere
885 1029 959 1071 cum
980 998 1170 1096 perturba·¹

146 1105 236 1174 tione
260 1129 477 1174 commorere.
520 1104 641 1174 Accius
665 1105 803 1175 Medea:
842 1106 925 1178 Nisi
942 1131 1024 1201 qnos
1046 1117 1148 1177 terre·

145 1209 227 1279 stris
244 1220 367 1302 pontus
388 1220 519 1302 strages
548 1209 681 1278 conciet.
727 1209 882 1279 Afranius
905 1210 1083 1306 Deposito=
1104 1254 1150 1266 -

148 1313 216 1394 Dii
233 1327 309 1383 sunt
329 1314 411 1382 irati
427 1314 496 1392 tibi,
527 1312 596 1402 Qui
615 1313 761 1382 cunctere
776 1315 900 1409 cogites
918 1327 1044 1384 tantum
1059 1315 1149 1385 moli

144 1418 273 1488 Ennius
295 1417 491 1489 Dulorestez
520 1416 703 1508 Extemplo
725 1420 879 1513 Aegisthi
884 1421 993 1515 fidem
1015 1423 1148 1494 nuncu-

139 1535 260 1616 pantes
283 1523 473 1593 corrodebant
489 1523 659 1616 populum.
666 1533 687 1568 ‘⁴

231 1696 432 1790 Extemplo]
457 1694 625 1786 Exenrplo
646 1696 734 1765 lens.
755 1680 833 1766 Par.
855 1696 948 1767 Delr.

230 1800 400 1894 Aegisthi]
422 1801 574 1896 aegysthi
598 1801 684 1870 lens.
706 1802 835 1896 egystiri
859 1799 937 1872 Par.
958 1802 1059 1897 egisti
1075 1805 1146 1875 Iun.

141 1907 250 1997 (idem
271 1906 306 1975 in
328 1930 431 2000 marg.
453 1904 554 1998 „lego
577 1903 782 1999 Acgysthi“)
806 1904 921 2002 Stepb.
946 1924 977 1976 ct
995 1907 1070 1978 Ald.
1092 1934 1146 2004 ap.
1219 1898 1223 1906 ¹

141 2011 260 2096 Voss,
283 2011 339 2107 qui
361 2008 496 2079 conexit
519 2036 536 2078 e
559 2009 697 2079 Mediol.
718 2009 805 2084 ven.

229 2113 423 2185 Laudentur
444 2114 561 2192 verba,
590 2132 626 2184 ut
647 2114 753 2200 vides,
782 2113 880 2184 Ennii
908 2115 968 2185 snb
996 2120 1143 2204 nomine3

140 2246 207 2318 qua
236 2220 276 2290 de
305 2247 340 2289 re
373 2219 508 2287 diximus
540 2243 637 2314 supra
666 2244 742 2314 pag.
765 2228 807 2293 ‘tt
831 2247 880 2316 sq.
924 2221 1143 2318 Hieronymus

142 2324 305 2395 Columna
327 2324 395 2418 (ed.
417 2323 515 2392 Ennii
538 2350 571 2419 p.
586 2334 651 2398 390
669 2330 743 2417 sq.)‚
768 2325 823 2419 qui
845 2324 968 2420 recepit
982 2327 1142 2420 Aegisthi,

139 2430 183 2499 ad
207 2428 454 2524 explicationem
477 2427 541 2498 loci
568 2427 663 2498 affert
684 2427 850 2520 Hyginum
872 2428 936 2498 fab.
961 2441 1035 2506 119.
1063 2434 1143 2518 init,

132 2533 228 2604 unde
257 2550 393 2627 apparet
420 2558 554 2602 scenam
583 2532 677 2601 huius
700 2532 886 2602 Dulorestis
911 2531 1072 2604 Columna
1093 2537 1156 2611 in·‚

140 2639 211 2709 dice
233 2637 335 2708 fuisse
357 2637 455 2731 Argis
478 2639 512 2706 in
534 2635 792 2730 Agamemnonis
815 2637 960 2707 aedibus.
998 2638 1140 2710 Vossius

139 2743 182 2814 ad
205 2744 236 2814 h.
259 2744 280 2813 l.
309 2770 343 2839 p.
365 2751 435 2817 aaa
478 2739 610 2826 „Multa
633 2740 718 2810 adeo
745 2767 784 2810 ex
806 2740 942 2811 Pacuvii
965 2741 1141 2815 Duloreste

139 2849 240 2919 citant
265 2864 408 2932 veteres,
436 2863 472 2915 ut
499 2845 562 2914 hoc
595 2871 743 2940 quoque,
772 2847 861 2941 quod
891 2846 1020 2918 unicum
1042 2848 1141 2918 Ennii

137 2952 294 3036 creditur,
322 2950 458 3021 Pacuvii
480 2949 581 3018 videri
610 2949 728 3042 possit.
772 2948 887 3020 Solum
918 2952 1026 3022 obstat
1053 2969 1140 3023 vete·

136 3084 209 3127 rum
231 3057 308 3127 libb.
331 3081 524 3126 consensus.
568 3053 637 3123 Sed
661 3053 732 3149 quis
756 3056 862 3124 nescit
885 3055 1048 3150 saepicule
1071 3054 1140 3128 No·

137 3161 237 3245 nium,
260 3161 328 3229 sive
350 3160 515 3230 librarium
539 3157 620 3242 eius,
640 3158 883 3229 inbuiusmodi
906 3159 1024 3228 falsum
1044 3164 1139 3232 esse?

136 3266 187 3336 Ac
210 3281 383 3360 propterea
406 3264 554 3359 Scaliger
571 3262 707 3332 Pacuvii
729 3264 861 3332 nomine
885 3262 1047 3334 adducere
1071 3292 1139 3336 nou

136 3369 303 3439 dubitavit.
311 3382 332 3414 “
383 3369 473 3440 Idem
508 3393 621 3439 versus
656 3385 743 3437 recte
781 3366 930 3460 digessit,
964 3371 1139 3440 tetrametri

135 3475 234 3542 linem
267 3474 469 3543 constituens
506 3473 540 3542 iu
573 3498 654 3543 voce
674 3475 792 3565 fidem.
836 3471 977 3540 Bothius
1011 3491 1139 3545 monet:

135 3578 238 3662 „Hoc
260 3604 356 3647 versu
373 3578 523 3647 dicuntur
537 3576 686 3672 Aegisthi
709 3592 935 3661 assectatores,
957 3578 1023 3673 qui,
1040 3604 1137 3650 caeso

134 3683 398 3776 Agamemnone,
428 3680 621 3751 conciebant
642 3681 900 3775 lllycenenses.“
944 3680 1065 3752 Verius
1090 3683 1137 3753 di·
1247 3759 1252 3768 ‚

134 3801 245 3854 cturns
269 3801 337 3854 erat
358 3810 483 3870 „caeso
505 3785 711 3881 Aegistho,“
740 3784 792 3853 cui
813 3801 891 3880 post
913 3811 1026 3855 necem
1048 3786 1135 3880 Aga-

133 3890 317 3959 memnonis
345 3905 521 3983 paruerant
541 3890 714 3986 Mycenae.
758 3888 845 3959 Rem
873 3891 1049 3960 conficiunt
1069 3890 1136 3960 Eu·

132 3994 258 4089 ripidea
279 3992 413 4088 (Orest.
435 4000 512 4071 425.
533 3999 601 4072 428
623 3999 733 4091 sqq.)=
