2566 4432
568 303 618 376 33

89 475 199 552 dicit:
240 477 300 564 „A
323 475 496 551 Pacuvio
524 448 682 554 Orestes
707 476 911 554 inducitur
934 476 1090 576 Pyladis

88 589 266 675 monitu,
305 603 469 690 propter
499 591 676 667 vitandas
704 592 858 679 Furias,
892 591 1091 689 ingressus

88 702 285 804 Apollinis
314 703 528 804 templum:
565 705 676 780 unde
709 730 803 780 cum
833 705 949 780 vellet
978 708 1090 794 exire,

88 816 350 892 invadebatur
381 818 594 892 aFuriis.“
646 821 801 914 Quibus
831 821 960 895 nitens
990 822 1091 925 Hey·

88 933 177 1008 nz'us
203 931 270 1004 ait:
312 934 531 1019 „Pacuvius
556 933 676 1030 igitur
699 934 878 1031 Aeschyli
902 936 1092 1010 Eumeni-

90 1042 171 1132 des,
197 1045 505 1145 quodammodo
523 1044 671 1134 saltem,
697 1060 973 1147 expresserat.“
1016 1047 1093 1127 Cui

88 1156 244 1235 sortiter
275 1160 511 1236 contradicit
541 1159 713 1235 Naelrius
746 1162 820 1258 ⁷⁷),
854 1165 933 1263 qui,
962 1189 1092 1266 quum

87 1296 221 1374 neque
252 1273 351 1348 alius
382 1273 596 1374 quisquam
626 1274 708 1349 hoc
739 1274 789 1349 de
815 1277 985 1352 Pacuvio
1016 1291 1092 1352 tra-

91 1386 173 1475 dat,
214 1411 346 1488 neque
376 1388 419 1461 in
452 1374 680 1485 fragmentis
709 1387 931 1465 Dulorestis
960 1388 1092 1465 ullum

89 1502 139 1578 sit
168 1501 289 1577 huius
320 1503 540 1599 argumenti
574 1502 796 1600 vestigium,
831 1528 978 1579 errasse
1003 1507 1093 1579 Ser-

88 1616 200 1691 vium
242 1616 452 1700 existimat,
500 1605 650 1717 quippe
693 1618 763 1714 qui
810 1616 956 1691 eodem
999 1616 1091 1694 loco

90 1727 308 1830 quamdam
344 1728 504 1802 Pacuvii
543 1727 593 1802 de
628 1727 809 1803 Pentheo
848 1721 1093 1825 tragoediam

91 1869 186 1918 cum
210 1840 443 1939 Pomponio
463 1839 613 1915 Sabino
640 1841 972 1930 comminiscatur,
998 1837 1094 1945 qua-¹

91 1955 174 2029 lem
199 1953 350 2029 nullam
368 1978 564 2053 umquam
589 1955 788 2054 scripserit
805 1955 1007 2031 Pacuvius.
1045 1962 1096 2034 At
1164 1979 1165 1982 ’

91 2093 232 2144 vereor
256 2092 307 2141 ne
332 2067 504 2144 Naekius
528 2065 776 2144 festinantius
802 2071 946 2145 erroris
970 2072 1095 2148 Scho-

92 2183 246 2259 liastam
274 2181 569 2257 insimulaverit.
627 2183 810 2258 Primum
842 2186 949 2260 enim
981 2187 1094 2288 quod

91 2297 215 2372 semel
233 2297 373 2373 erravit
390 2297 558 2385 Servius,
582 2297 678 2373 inde
695 2322 780 2373 non
797 2299 977 2399 sequitur
993 2325 1094 2376 sem-

90 2437 164 2512 per
188 2435 281 2486 eum
309 2410 515 2496 erravisse;
542 2425 580 2487 et
605 2432 679 2499 eas
701 2436 803 2511 quae
827 2410 946 2486 tradit
971 2414 1094 2491 Scho-¹

92 2524 217 2613 liasta,
253 2525 405 2625 optime
431 2523 481 2600 ad
505 2550 593 2600 rem
619 2525 824 2626 quadrant.
872 2528 960 2600 Hoc
993 2541 1097 2604 certe

38 2704 39 2710 ,
92 2638 335 2715 vocabulum
371 2640 562 2716 zizducitur
597 2663 718 2715 nemo
756 2639 811 2714 ita
843 2653 1012 2740 premat,
1050 2655 1097 2718 ut

93 2753 190 2828 inde
214 2753 434 2829 necessario
466 2752 579 2854 sequi
612 2753 813 2854 opinetur,
849 2754 977 2855 ipsam
1008 2780 1096 2832 rem

93 2867 137 2942 in
175 2890 290 2943 scena
328 2892 412 2943 esse
448 2881 778 2967 repraesentatam
809 2867 877 2966 ⁷8).
943 2868 1097 2964 Quidni

93 2979 216 3078 igitur
250 2982 459 3068 Pacuvius
503 3005 749 3081 quamquam
790 2981 832 3055 in
870 2982 973 3059 hanc
1010 3009 1097 3059 rem

94 3093 255 3171 nullum
270 3096 389 3174 nobis
406 3109 603 3170 servatum
622 3095 672 3169 sit
686 3093 964 3193 fragmentum,
987 3097 1098 3173 hunc

96 3209 247 3288 Orestis
273 3237 294 3285 a
314 3209 444 3285 Furiis
469 3208 592 3284 vexati
617 3223 761 3284 statum
788 3222 875 3310 apte
899 3210 942 3283 in
967 3235 1098 3287 narra-

94 3325 206 3400 tione
231 3325 363 3424 potuit
389 3323 661 3424 descripsisse?
708 3322 823 3400 Idem
848 3321 1030 3414 videmus
1054 3325 1098 3401 in

94 3437 298 3538 Euripidis
329 3437 535 3540 Iphigenia
568 3437 735 3514 Taurica
774 3437 957 3538 pluribus
989 3438 1099 3528 locis,

63 3603 66 3609 ·
95 3551 224 3627 immo
261 3553 306 3626 in
341 3551 549 3630 nonnullis
586 3551 647 3645 ab*
670 3553 810 3628 Oreste
844 3552 932 3653 ipso
968 3576 1099 3630 narra·

176 3808 236 3887 77)
275 3806 425 3870 Dissertat
451 3775 485 3890 pss
500 3808 552 3868 tv.

177 3938 238 4018 78)
275 3938 344 4018 (ll,
369 3939 393 4001 si
419 3939 492 4000 tanti
518 3949 578 4017 cst,
607 3936 667 4001 Cic.
692 3938 727 4000 de
748 3935 834 4002 Olfic.
855 3938 907 4016 111,
924 3941 962 4003 9:
1000 3936 1102 4017 „Eine

96 4036 147 4097 ille
168 4034 268 4119 Gyges
288 4035 440 4098 traducitur
458 4054 475 4098 a
494 4033 617 4097 Platone
635 4045 692 4100 ete
816 4064 821 4073 ¹
951 4039 975 4067 ³

840 4129 873 4213 3
895 4066 897 4071 Α
