2566 4432
579 190 673 276 ‘39'

143 369 341 469 suffragiis
374 371 521 449 eiectus
549 398 594 449 ac
625 372 869 475 proscriptus
902 372 1147 462 ostendatur

145 486 288 587 quidni
314 485 435 583 igitur
460 511 594 563 servus
613 488 823 563 ‘accesserit
843 487 892 563 ad
910 488 1148 591 Apollinem,

141 601 299 699 Pyladis
323 600 485 676 monitu
510 600 736 702 eodemque
769 602 930 688 comite,
962 627 1084 703 quem
1111 616 1149 677 et

142 715 277 816 ipsum
323 713 534 815 Strophius
578 730 685 816 pater
733 729 929 791 extorrem
970 714 1150 792 voluerat

75 885 77 891 -
142 853 227 924 esse
253 828 412 930 (Eurip.
440 831 566 906 Orest.
592 831 714 924 755.):

141 1051 342 1163 »Στρόφιος
368 1044 502 1135 inuria
525 1056 566 1152 μ’
596 1054 667 1134 ἐπ’
697 1049 797 1136 οἴκων
829 1046 984 1159 populls
1014 1061 1146 1155 θυμω·
1185 1120 1187 1126 .

481 1208 484 1214 ·
691 1167 772 1260 θεὶς
796 1169 966 1277 πατήρέ(

141 1398 181 1474 si
208 1400 456 1501 quis-tamen
483 1401 601 1489 dicat,
636 1403 820 1478 Orestem
852 1400 980 1477 servili
1007 1396 1142 1474 condi·

138 1513 249 1589 tione
287 1515 395 1616 apud
428 1521 583 1591 Tauros
622 1516 804 1591 simulata
842 1515 938 1591 haec
976 1537 1144 1601 narrare,

138 1650 223 1701 non
250 1627 414 1703 difficile
437 1642 497 1702 est
521 1629 572 1702 ad
597 1627 881 1727 reperiendum
914 1627 978 1702 eui
1006 1624 1145 1702 dixerit

139 1754 178 1816 et
192 1765 286 1841 quo
315 1739 501 1818 consilio,
536 1739 643 1813 Dixit
658 1739 768 1815 haud
787 1739 910 1815 dubie
931 1754 1020 1815 ante
1039 1741 1144 1837 agni-

138 1867 221 1928 tam
259 1877 457 1928 sororem:
508 1852 693 1927 Primum
731 1853 857 1928 enim.
877 1852 938 1927 vix
975 1852 1145 1928 arbitror

138 1966 371 2054 Pacuvium,
406 1990 499 2042 cum
528 1965 732 2066 Euripidis
761 1966 1009 2068 Iphigeniam
1040 1973 1144 2043 Tau-

139 2080 261 2155 ricam
295 2080 455 2178 legeret,
495 2079 673 2179 potuisse
704 2079 857 2179 fugere,
897 2090 1022 2183 quani
1048 2105 1143 2183 pru·

140 2182 283 2268 denter
303 2194 370 2268 ille
394 2193 633 2282 instituisset,
658 2208 704 2269 ut
722 2197 882 2272 Orestes
902 2195 1038 2270 matris
1059 2218 1142 2269 cae-

138 2308 249 2394 dem,
293 2321 508 2408 postquam
550 2308 755 2411 Iphigenia
797 2309 932 2409 ipsum
975 2308 1142 2404 agnovit,

138 2446 259 2521 quam
292 2421 539 2520 paucissimis
570 2423 700 2497 verbis
733 2447 818 2497 non
853 2421 1032 2521 explicet,
1070 2419 1142 2496 sed

137 2532 346 2630 significet;
387 2534 458 2609 sed
496 2560 517 2610 a
555 2537 727 2613 Pacuvio
768 2559 909 2611 omnes
948 2559 1011 2609 res
1051 2547 1143 2634 post

136 2649 480 2745 Agamemnonem
503 2649 680 2725 occisum
705 2665 834 2748 gestae
858 2649 988 2725 multo
1013 2646 1141 2724 fusius

138 2785 259 2862 quam
286 2761 393 2862 apud
408 2760 644 2861 Euripidem
667 2764 920 2864 explicantur;
949 2787 992 2837 ac
1008 2785 1140 2837 neces-

137 2876 287 2951 sarium
313 2899 406 2949 sane
431 2874 510 2949 hoc
537 2890 617 2950 erat
640 2876 744 2953 inter
762 2881 969 2955 Romanos
994 2889 1142 2977 specta-

136 3005 252 3065 tores.
313 2989 416 3091 Huic
457 2988 578 3086 igitur
618 2989 833 3068 narrationi
872 2991 1013 3069 locum
1055 3013 1140 3064 non

137 3103 260 3178 alium
285 3127 501 3202 possumus
525 3105 709 3194 tribuere,
736 3131 857 3207 quam
882 3107 925 3180 in
951 3127 995 3180 ea
1015 3126 1140 3188 scena,

137 3243 260 3319 quam
292 3231 382 3292 ante
414 3242 597 3294 sororem
628 3221 799 3319 agnitam
831 3217 995 3316 singulis
1022 3214 1141 3298 versi-

134 3332 213 3409 bus
238 3329 448 3407 artificiose
479 3333 761 3411 alternantibus
785 3331 997 3433 Euripides
1031 3353 1141 3405 com-

135 3446 286 3545 posuit;
310 3445 528 3522 Pacuvium
555 3447 665 3524 aliter
689 3448 903 3523 instituisse
927 3469 1013 3521 rem
1033 3457 1140 3545 pate·

135 3560 195 3635 bit
218 3559 330 3635 infra.
382 3559 478 3648 Sed,
502 3561 661 3662 inquiet
685 3562 900 3662 quispiam,
932 3558 1032 3662 quid
1057 3557 1138 3633 atti-

136 3675 269 3762 nebat,
295 3699 453 3751 servum
479 3674 612 3762 illum,
637 3676 676 3751 si
693 3674 821 3752 modo
848 3676 976 3751 servili
1001 3671 1141 3748 habitu

137 3791 296 3863 Orestes
321 3788 488 3877 incedit,
516 3815 636 3866 suum
661 3789 840 3893 Delphos
865 3791 939 3866 iter
965 3808 1141 3865 comme·
1229 3863 1232 3873 ,

135 3905 317 3976 morare?
354 3905 510 4004 Nempe
528 3904 720 3989 Pacuvius
739 3907 824 3985 ,hoc
851 3902 1017 3978 artificio
1043 3921 1140 3974 usus
